"InternalDate","Time","InternalTime","Exchange","Symbol","LastPrice","BidPrice1","AskPrice1"
2022-07-08,83007000,30607000,"ICEU","B2209",104.35,104.36,104.39
2022-07-08,83008000,30608000,"ICEU","B2209",104.35,104.36,104.39
2022-07-08,83011000,30611000,"ICEU","B2209",104.35,104.36,104.39
2022-07-08,83012000,30612000,"ICEU","B2209",104.35,104.37,104.4
2022-07-08,83013000,30613000,"ICEU","B2209",104.35,104.37,104.4
2022-07-08,83014000,30614000,"ICEU","B2209",104.37,104.38,104.4
2022-07-08,83015000,30615000,"ICEU","B2209",104.38,104.37,104.4
2022-07-08,83016000,30616000,"ICEU","B2209",104.38,104.37,104.4
2022-07-08,83020000,30620000,"ICEU","B2209",104.38,104.37,104.4
2022-07-08,83022000,30622000,"ICEU","B2209",104.38,104.37,104.4
2022-07-08,83026000,30626000,"ICEU","B2209",104.35,104.35,104.37
2022-07-08,83027000,30627000,"ICEU","B2209",104.35,104.35,104.37
2022-07-08,83030000,30630000,"ICEU","B2209",104.35,104.35,104.38
2022-07-08,83033000,30633000,"ICEU","B2209",104.35,104.35,104.38
2022-07-08,83034000,30634000,"ICEU","B2209",104.35,104.35,104.38
2022-07-08,83037000,30637000,"ICEU","B2209",104.35,104.35,104.38
2022-07-08,83038000,30638000,"ICEU","B2209",104.35,104.35,104.38
2022-07-08,83041000,30641000,"ICEU","B2209",104.39,104.38,104.41
2022-07-08,83047000,30647000,"ICEU","B2209",104.39,104.38,104.41
2022-07-08,83048000,30648000,"ICEU","B2209",104.39,104.38,104.41
2022-07-08,83049000,30649000,"ICEU","B2209",104.39,104.39,104.41
2022-07-08,83051000,30651000,"ICEU","B2209",104.39,104.39,104.41
2022-07-08,83055000,30655000,"ICEU","B2209",104.39,104.4,104.42
2022-07-08,83058000,30658000,"ICEU","B2209",104.43,104.42,104.45
2022-07-08,83059000,30659000,"ICEU","B2209",104.43,104.43,104.45
2022-07-08,83100000,30660000,"ICEU","B2209",104.43,104.43,104.45
2022-07-08,83103000,30663000,"ICEU","B2209",104.43,104.43,104.46
2022-07-08,83105000,30665000,"ICEU","B2209",104.43,104.43,104.46
2022-07-08,83106000,30666000,"ICEU","B2209",104.43,104.42,104.44
2022-07-08,83107000,30667000,"ICEU","B2209",104.43,104.42,104.45
2022-07-08,83108000,30668000,"ICEU","B2209",104.43,104.42,104.44
2022-07-08,83109000,30669000,"ICEU","B2209",104.45,104.43,104.46
2022-07-08,83111000,30671000,"ICEU","B2209",104.45,104.43,104.46
2022-07-08,83112000,30672000,"ICEU","B2209",104.43,104.42,104.44
2022-07-08,83113000,30673000,"ICEU","B2209",104.43,104.42,104.44
2022-07-08,83114000,30674000,"ICEU","B2209",104.43,104.42,104.44
2022-07-08,83115000,30675000,"ICEU","B2209",104.43,104.42,104.45
2022-07-08,83116000,30676000,"ICEU","B2209",104.43,104.43,104.46
2022-07-08,83119000,30679000,"ICEU","B2209",104.43,104.43,104.46
2022-07-08,83127000,30687000,"ICEU","B2209",104.43,104.43,104.46
2022-07-08,83129000,30689000,"ICEU","B2209",104.43,104.43,104.46
2022-07-08,83130000,30690000,"ICEU","B2209",104.43,104.4,104.42
2022-07-08,83131000,30691000,"ICEU","B2209",104.43,104.41,104.44
2022-07-08,83133000,30693000,"ICEU","B2209",104.43,104.41,104.44
2022-07-08,83137000,30697000,"ICEU","B2209",104.43,104.41,104.44
2022-07-08,83138000,30698000,"ICEU","B2209",104.43,104.41,104.44
2022-07-08,83143000,30703000,"ICEU","B2209",104.43,104.4,104.42
2022-07-08,83144000,30704000,"ICEU","B2209",104.43,104.43,104.45
2022-07-08,83145000,30705000,"ICEU","B2209",104.43,104.45,104.47
2022-07-08,83146000,30706000,"ICEU","B2209",104.43,104.45,104.47
2022-07-08,83147000,30707000,"ICEU","B2209",104.43,104.45,104.47
2022-07-08,83148000,30708000,"ICEU","B2209",104.43,104.45,104.48
2022-07-08,83152000,30712000,"ICEU","B2209",104.43,104.45,104.48
2022-07-08,83157000,30717000,"ICEU","B2209",104.43,104.46,104.49
2022-07-08,83158000,30718000,"ICEU","B2209",104.43,104.47,104.49
2022-07-08,83202000,30722000,"ICEU","B2209",104.49,104.47,104.5
2022-07-08,83203000,30723000,"ICEU","B2209",104.49,104.48,104.51
2022-07-08,83204000,30724000,"ICEU","B2209",104.49,104.48,104.51
2022-07-08,83205000,30725000,"ICEU","B2209",104.49,104.48,104.51
2022-07-08,83211000,30731000,"ICEU","B2209",104.49,104.48,104.5
2022-07-08,83212000,30732000,"ICEU","B2209",104.49,104.49,104.51
2022-07-08,83215000,30735000,"ICEU","B2209",104.49,104.48,104.51
2022-07-08,83217000,30737000,"ICEU","B2209",104.49,104.48,104.51
2022-07-08,83220000,30740000,"ICEU","B2209",104.49,104.48,104.51
2022-07-08,83221000,30741000,"ICEU","B2209",104.49,104.48,104.51
2022-07-08,83224000,30744000,"ICEU","B2209",104.49,104.48,104.51
2022-07-08,83226000,30746000,"ICEU","B2209",104.49,104.48,104.51
2022-07-08,83227000,30747000,"ICEU","B2209",104.49,104.47,104.5
2022-07-08,83229000,30749000,"ICEU","B2209",104.49,104.47,104.5
2022-07-08,83230000,30750000,"ICEU","B2209",104.48,104.47,104.5
2022-07-08,83231000,30751000,"ICEU","B2209",104.48,104.46,104.49
2022-07-08,83232000,30752000,"ICEU","B2209",104.48,104.47,104.49
2022-07-08,83233000,30753000,"ICEU","B2209",104.48,104.46,104.49
2022-07-08,83234000,30754000,"ICEU","B2209",104.48,104.46,104.49
2022-07-08,83237000,30757000,"ICEU","B2209",104.48,104.46,104.49
2022-07-08,83239000,30759000,"ICEU","B2209",104.48,104.46,104.49
2022-07-08,83247000,30767000,"ICEU","B2209",104.48,104.46,104.49
2022-07-08,83249000,30769000,"ICEU","B2209",104.48,104.46,104.48
2022-07-08,83250000,30770000,"ICEU","B2209",104.48,104.44,104.47
2022-07-08,83251000,30771000,"ICEU","B2209",104.48,104.44,104.47
2022-07-08,83252000,30772000,"ICEU","B2209",104.48,104.44,104.47
2022-07-08,83253000,30773000,"ICEU","B2209",104.48,104.43,104.45
2022-07-08,83257000,30777000,"ICEU","B2209",104.48,104.42,104.45
2022-07-08,83259000,30779000,"ICEU","B2209",104.48,104.42,104.45
2022-07-08,83300000,30780000,"ICEU","B2209",104.48,104.42,104.44
2022-07-08,83301000,30781000,"ICEU","B2209",104.4,104.39,104.41
2022-07-08,83302000,30782000,"ICEU","B2209",104.4,104.39,104.41
2022-07-08,83311000,30791000,"ICEU","B2209",104.4,104.39,104.42
2022-07-08,83312000,30792000,"ICEU","B2209",104.4,104.4,104.43
2022-07-08,83315000,30795000,"ICEU","B2209",104.4,104.4,104.43
2022-07-08,83319000,30799000,"ICEU","B2209",104.4,104.4,104.43
2022-07-08,83320000,30800000,"ICEU","B2209",104.4,104.38,104.41
2022-07-08,83321000,30801000,"ICEU","B2209",104.4,104.38,104.41
2022-07-08,83322000,30802000,"ICEU","B2209",104.4,104.39,104.42
2022-07-08,83331000,30811000,"ICEU","B2209",104.4,104.39,104.42
2022-07-08,83332000,30812000,"ICEU","B2209",104.4,104.39,104.42
2022-07-08,83337000,30817000,"ICEU","B2209",104.4,104.39,104.42
2022-07-08,83338000,30818000,"ICEU","B2209",104.4,104.4,104.43
2022-07-08,83340000,30820000,"ICEU","B2209",104.4,104.4,104.43
2022-07-08,83343000,30823000,"ICEU","B2209",104.4,104.39,104.42
2022-07-08,83344000,30824000,"ICEU","B2209",104.4,104.39,104.42
2022-07-08,83351000,30831000,"ICEU","B2209",104.4,104.39,104.42
2022-07-08,83352000,30832000,"ICEU","B2209",104.4,104.38,104.41
2022-07-08,83356000,30836000,"ICEU","B2209",104.4,104.38,104.42
2022-07-08,83358000,30838000,"ICEU","B2209",104.4,104.38,104.41
2022-07-08,83359000,30839000,"ICEU","B2209",104.4,104.37,104.4
2022-07-08,83401000,30841000,"ICEU","B2209",104.4,104.37,104.4
2022-07-08,83402000,30842000,"ICEU","B2209",104.4,104.35,104.38
2022-07-08,83406000,30846000,"ICEU","B2209",104.4,104.35,104.38
2022-07-08,83407000,30847000,"ICEU","B2209",104.4,104.35,104.38
2022-07-08,83414000,30854000,"ICEU","B2209",104.4,104.35,104.38
2022-07-08,83416000,30856000,"ICEU","B2209",104.4,104.35,104.38
2022-07-08,83417000,30857000,"ICEU","B2209",104.4,104.35,104.38
2022-07-08,83419000,30859000,"ICEU","B2209",104.4,104.35,104.38
2022-07-08,83421000,30861000,"ICEU","B2209",104.4,104.35,104.38
2022-07-08,83422000,30862000,"ICEU","B2209",104.4,104.35,104.38
2022-07-08,83426000,30866000,"ICEU","B2209",104.4,104.35,104.37
2022-07-08,83429000,30869000,"ICEU","B2209",104.4,104.35,104.38
2022-07-08,83431000,30871000,"ICEU","B2209",104.4,104.35,104.37
2022-07-08,83432000,30872000,"ICEU","B2209",104.4,104.35,104.38
2022-07-08,83438000,30878000,"ICEU","B2209",104.4,104.35,104.38
2022-07-08,83449000,30889000,"ICEU","B2209",104.4,104.35,104.37
2022-07-08,83455000,30895000,"ICEU","B2209",104.4,104.35,104.38
2022-07-08,83456000,30896000,"ICEU","B2209",104.4,104.35,104.38
2022-07-08,83459000,30899000,"ICEU","B2209",104.4,104.35,104.37
2022-07-08,83500000,30900000,"ICEU","B2209",104.4,104.35,104.37
2022-07-08,83505000,30905000,"ICEU","B2209",104.4,104.35,104.37
2022-07-08,83506000,30906000,"ICEU","B2209",104.4,104.35,104.37
2022-07-08,83514000,30914000,"ICEU","B2209",104.37,104.35,104.38
2022-07-08,83516000,30916000,"ICEU","B2209",104.37,104.35,104.38
2022-07-08,83519000,30919000,"ICEU","B2209",104.37,104.35,104.38
2022-07-08,83524000,30924000,"ICEU","B2209",104.37,104.35,104.38
2022-07-08,83525000,30925000,"ICEU","B2209",104.38,104.38,104.41
2022-07-08,83530000,30930000,"ICEU","B2209",104.38,104.38,104.41
2022-07-08,83542000,30942000,"ICEU","B2209",104.38,104.39,104.42
2022-07-08,83557000,30957000,"ICEU","B2209",104.38,104.4,104.42
2022-07-08,83600000,30960000,"ICEU","B2209",104.38,104.4,104.42
2022-07-08,83601000,30961000,"ICEU","B2209",104.4,104.39,104.42
2022-07-08,83602000,30962000,"ICEU","B2209",104.4,104.43,104.46
2022-07-08,83605000,30965000,"ICEU","B2209",104.4,104.43,104.46
2022-07-08,83607000,30967000,"ICEU","B2209",104.4,104.46,104.49
2022-07-08,83609000,30969000,"ICEU","B2209",104.4,104.46,104.49
2022-07-08,83610000,30970000,"ICEU","B2209",104.47,104.45,104.48
2022-07-08,83611000,30971000,"ICEU","B2209",104.47,104.44,104.47
2022-07-08,83612000,30972000,"ICEU","B2209",104.47,104.44,104.47
2022-07-08,83613000,30973000,"ICEU","B2209",104.47,104.45,104.48
2022-07-08,83615000,30975000,"ICEU","B2209",104.47,104.45,104.48
2022-07-08,83619000,30979000,"ICEU","B2209",104.47,104.45,104.48
2022-07-08,83620000,30980000,"ICEU","B2209",104.45,104.43,104.46
2022-07-08,83621000,30981000,"ICEU","B2209",104.45,104.43,104.46
2022-07-08,83624000,30984000,"ICEU","B2209",104.45,104.45,104.48
2022-07-08,83626000,30986000,"ICEU","B2209",104.45,104.44,104.48
2022-07-08,83630000,30990000,"ICEU","B2209",104.45,104.44,104.47
2022-07-08,83636000,30996000,"ICEU","B2209",104.45,104.45,104.48
2022-07-08,83637000,30997000,"ICEU","B2209",104.45,104.45,104.48
2022-07-08,83638000,30998000,"ICEU","B2209",104.45,104.45,104.48
2022-07-08,83643000,31003000,"ICEU","B2209",104.45,104.45,104.48
2022-07-08,83648000,31008000,"ICEU","B2209",104.45,104.44,104.47
2022-07-08,83652000,31012000,"ICEU","B2209",104.45,104.44,104.47
2022-07-08,83653000,31013000,"ICEU","B2209",104.45,104.41,104.44
2022-07-08,83655000,31015000,"ICEU","B2209",104.45,104.41,104.44
2022-07-08,83659000,31019000,"ICEU","B2209",104.45,104.41,104.44
2022-07-08,83700000,31020000,"ICEU","B2209",104.45,104.44,104.47
2022-07-08,83703000,31023000,"ICEU","B2209",104.45,104.44,104.47
2022-07-08,83707000,31027000,"ICEU","B2209",104.45,104.44,104.47
2022-07-08,83708000,31028000,"ICEU","B2209",104.45,104.44,104.47
2022-07-08,83711000,31031000,"ICEU","B2209",104.45,104.44,104.47
2022-07-08,83712000,31032000,"ICEU","B2209",104.45,104.43,104.46
2022-07-08,83715000,31035000,"ICEU","B2209",104.45,104.42,104.45
2022-07-08,83716000,31036000,"ICEU","B2209",104.45,104.42,104.45
2022-07-08,83717000,31037000,"ICEU","B2209",104.45,104.4,104.43
2022-07-08,83718000,31038000,"ICEU","B2209",104.45,104.4,104.43
2022-07-08,83719000,31039000,"ICEU","B2209",104.43,104.42,104.45
2022-07-08,83720000,31040000,"ICEU","B2209",104.43,104.42,104.45
2022-07-08,83723000,31043000,"ICEU","B2209",104.43,104.42,104.45
2022-07-08,83734000,31054000,"ICEU","B2209",104.43,104.42,104.45
2022-07-08,83735000,31055000,"ICEU","B2209",104.43,104.43,104.46
2022-07-08,83736000,31056000,"ICEU","B2209",104.43,104.42,104.46
2022-07-08,83737000,31057000,"ICEU","B2209",104.43,104.42,104.45
2022-07-08,83743000,31063000,"ICEU","B2209",104.43,104.42,104.45
2022-07-08,83746000,31066000,"ICEU","B2209",104.43,104.42,104.45
2022-07-08,83752000,31072000,"ICEU","B2209",104.43,104.41,104.44
2022-07-08,83753000,31073000,"ICEU","B2209",104.43,104.41,104.44
2022-07-08,83754000,31074000,"ICEU","B2209",104.43,104.42,104.45
2022-07-08,83757000,31077000,"ICEU","B2209",104.43,104.41,104.44
2022-07-08,83800000,31080000,"ICEU","B2209",104.43,104.41,104.44
2022-07-08,83801000,31081000,"ICEU","B2209",104.43,104.41,104.44
2022-07-08,83803000,31083000,"ICEU","B2209",104.43,104.4,104.44
2022-07-08,83804000,31084000,"ICEU","B2209",104.43,104.41,104.44
2022-07-08,83805000,31085000,"ICEU","B2209",104.43,104.41,104.44
2022-07-08,83807000,31087000,"ICEU","B2209",104.43,104.41,104.44
2022-07-08,83813000,31093000,"ICEU","B2209",104.43,104.41,104.44
2022-07-08,83820000,31100000,"ICEU","B2209",104.43,104.42,104.45
2022-07-08,83821000,31101000,"ICEU","B2209",104.43,104.42,104.45
2022-07-08,83826000,31106000,"ICEU","B2209",104.43,104.41,104.44
2022-07-08,83827000,31107000,"ICEU","B2209",104.43,104.42,104.45
2022-07-08,83828000,31108000,"ICEU","B2209",104.43,104.42,104.45
2022-07-08,83830000,31110000,"ICEU","B2209",104.43,104.42,104.45
2022-07-08,83832000,31112000,"ICEU","B2209",104.43,104.42,104.45
2022-07-08,83837000,31117000,"ICEU","B2209",104.43,104.41,104.44
2022-07-08,83842000,31122000,"ICEU","B2209",104.43,104.41,104.44
2022-07-08,83843000,31123000,"ICEU","B2209",104.43,104.41,104.44
2022-07-08,83850000,31130000,"ICEU","B2209",104.43,104.41,104.44
2022-07-08,83855000,31135000,"ICEU","B2209",104.43,104.42,104.45
2022-07-08,83856000,31136000,"ICEU","B2209",104.43,104.42,104.44
2022-07-08,83858000,31138000,"ICEU","B2209",104.43,104.42,104.44
2022-07-08,83859000,31139000,"ICEU","B2209",104.43,104.42,104.43
2022-07-08,83900000,31140000,"ICEU","B2209",104.43,104.42,104.45
2022-07-08,83901000,31141000,"ICEU","B2209",104.42,104.41,104.43
2022-07-08,83903000,31143000,"ICEU","B2209",104.42,104.41,104.43
2022-07-08,83912000,31152000,"ICEU","B2209",104.46,104.47,104.5
2022-07-08,83913000,31153000,"ICEU","B2209",104.46,104.46,104.49
2022-07-08,83915000,31155000,"ICEU","B2209",104.46,104.46,104.49
2022-07-08,83916000,31156000,"ICEU","B2209",104.46,104.46,104.49
2022-07-08,83917000,31157000,"ICEU","B2209",104.46,104.46,104.49
2022-07-08,83919000,31159000,"ICEU","B2209",104.46,104.46,104.49
2022-07-08,83920000,31160000,"ICEU","B2209",104.46,104.46,104.49
2022-07-08,83926000,31166000,"ICEU","B2209",104.46,104.46,104.49
2022-07-08,83928000,31168000,"ICEU","B2209",104.46,104.48,104.5
2022-07-08,83929000,31169000,"ICEU","B2209",104.46,104.46,104.49
2022-07-08,83930000,31170000,"ICEU","B2209",104.46,104.46,104.49
2022-07-08,83931000,31171000,"ICEU","B2209",104.46,104.46,104.49
2022-07-08,83932000,31172000,"ICEU","B2209",104.46,104.46,104.49
2022-07-08,83937000,31177000,"ICEU","B2209",104.46,104.46,104.49
2022-07-08,83939000,31179000,"ICEU","B2209",104.46,104.46,104.49
2022-07-08,83940000,31180000,"ICEU","B2209",104.46,104.46,104.49
2022-07-08,83946000,31186000,"ICEU","B2209",104.46,104.46,104.49
2022-07-08,83947000,31187000,"ICEU","B2209",104.46,104.45,104.48
2022-07-08,83948000,31188000,"ICEU","B2209",104.46,104.45,104.48
2022-07-08,83949000,31189000,"ICEU","B2209",104.46,104.45,104.48
2022-07-08,83958000,31198000,"ICEU","B2209",104.46,104.45,104.48
2022-07-08,8.4e+07,31200000,"ICEU","B2209",104.46,104.43,104.46
2022-07-08,84001000,31201000,"ICEU","B2209",104.46,104.43,104.46
2022-07-08,84003000,31203000,"ICEU","B2209",104.46,104.43,104.46
2022-07-08,84006000,31206000,"ICEU","B2209",104.46,104.43,104.46
2022-07-08,84007000,31207000,"ICEU","B2209",104.46,104.45,104.48
2022-07-08,84008000,31208000,"ICEU","B2209",104.46,104.44,104.46
2022-07-08,84009000,31209000,"ICEU","B2209",104.46,104.44,104.46
2022-07-08,84010000,31210000,"ICEU","B2209",104.46,104.46,104.49
2022-07-08,84012000,31212000,"ICEU","B2209",104.46,104.47,104.51
2022-07-08,84013000,31213000,"ICEU","B2209",104.46,104.48,104.51
2022-07-08,84014000,31214000,"ICEU","B2209",104.46,104.48,104.51
2022-07-08,84016000,31216000,"ICEU","B2209",104.46,104.48,104.51
2022-07-08,84019000,31219000,"ICEU","B2209",104.46,104.48,104.51
2022-07-08,84022000,31222000,"ICEU","B2209",104.51,104.51,104.54
2022-07-08,84023000,31223000,"ICEU","B2209",104.51,104.51,104.53
2022-07-08,84024000,31224000,"ICEU","B2209",104.51,104.51,104.53
2022-07-08,84025000,31225000,"ICEU","B2209",104.51,104.51,104.54
2022-07-08,84026000,31226000,"ICEU","B2209",104.51,104.51,104.54
2022-07-08,84029000,31229000,"ICEU","B2209",104.51,104.49,104.52
2022-07-08,84030000,31230000,"ICEU","B2209",104.51,104.49,104.52
2022-07-08,84031000,31231000,"ICEU","B2209",104.51,104.49,104.52
2022-07-08,84032000,31232000,"ICEU","B2209",104.51,104.49,104.52
2022-07-08,84034000,31234000,"ICEU","B2209",104.51,104.49,104.52
2022-07-08,84035000,31235000,"ICEU","B2209",104.51,104.49,104.52
2022-07-08,84037000,31237000,"ICEU","B2209",104.51,104.49,104.52
2022-07-08,84045000,31245000,"ICEU","B2209",104.51,104.49,104.52
2022-07-08,84048000,31248000,"ICEU","B2209",104.51,104.49,104.52
2022-07-08,84049000,31249000,"ICEU","B2209",104.51,104.49,104.52
2022-07-08,84052000,31252000,"ICEU","B2209",104.51,104.49,104.52
2022-07-08,84056000,31256000,"ICEU","B2209",104.51,104.49,104.52
2022-07-08,84057000,31257000,"ICEU","B2209",104.51,104.49,104.51
2022-07-08,84059000,31259000,"ICEU","B2209",104.51,104.49,104.51
2022-07-08,84100000,31260000,"ICEU","B2209",104.51,104.49,104.5
2022-07-08,84101000,31261000,"ICEU","B2209",104.51,104.49,104.5
2022-07-08,84103000,31263000,"ICEU","B2209",104.51,104.49,104.5
2022-07-08,84104000,31264000,"ICEU","B2209",104.51,104.51,104.54
2022-07-08,84106000,31266000,"ICEU","B2209",104.51,104.51,104.54
2022-07-08,84107000,31267000,"ICEU","B2209",104.51,104.51,104.54
2022-07-08,84108000,31268000,"ICEU","B2209",104.51,104.51,104.54
2022-07-08,84109000,31269000,"ICEU","B2209",104.51,104.51,104.54
2022-07-08,84115000,31275000,"ICEU","B2209",104.51,104.56,104.59
2022-07-08,84116000,31276000,"ICEU","B2209",104.51,104.56,104.59
2022-07-08,84117000,31277000,"ICEU","B2209",104.51,104.56,104.58
2022-07-08,84118000,31278000,"ICEU","B2209",104.51,104.56,104.58
2022-07-08,84119000,31279000,"ICEU","B2209",104.51,104.56,104.58
2022-07-08,84120000,31280000,"ICEU","B2209",104.56,104.53,104.56
2022-07-08,84121000,31281000,"ICEU","B2209",104.56,104.53,104.56
2022-07-08,84122000,31282000,"ICEU","B2209",104.56,104.53,104.55
2022-07-08,84123000,31283000,"ICEU","B2209",104.56,104.53,104.56
2022-07-08,84124000,31284000,"ICEU","B2209",104.56,104.54,104.57
2022-07-08,84126000,31286000,"ICEU","B2209",104.56,104.54,104.57
2022-07-08,84127000,31287000,"ICEU","B2209",104.56,104.54,104.58
2022-07-08,84128000,31288000,"ICEU","B2209",104.56,104.55,104.58
2022-07-08,84130000,31290000,"ICEU","B2209",104.56,104.55,104.58
2022-07-08,84131000,31291000,"ICEU","B2209",104.56,104.55,104.58
2022-07-08,84132000,31292000,"ICEU","B2209",104.56,104.54,104.57
2022-07-08,84133000,31293000,"ICEU","B2209",104.56,104.54,104.57
2022-07-08,84134000,31294000,"ICEU","B2209",104.56,104.54,104.57
2022-07-08,84135000,31295000,"ICEU","B2209",104.56,104.55,104.59
2022-07-08,84136000,31296000,"ICEU","B2209",104.56,104.55,104.59
2022-07-08,84137000,31297000,"ICEU","B2209",104.56,104.57,104.6
2022-07-08,84142000,31302000,"ICEU","B2209",104.56,104.56,104.59
2022-07-08,84143000,31303000,"ICEU","B2209",104.56,104.56,104.59
2022-07-08,84145000,31305000,"ICEU","B2209",104.56,104.56,104.59
2022-07-08,84147000,31307000,"ICEU","B2209",104.56,104.55,104.58
2022-07-08,84148000,31308000,"ICEU","B2209",104.56,104.55,104.58
2022-07-08,84149000,31309000,"ICEU","B2209",104.56,104.55,104.58
2022-07-08,84150000,31310000,"ICEU","B2209",104.56,104.54,104.57
2022-07-08,84154000,31314000,"ICEU","B2209",104.56,104.54,104.57
2022-07-08,84155000,31315000,"ICEU","B2209",104.56,104.54,104.57
2022-07-08,84156000,31316000,"ICEU","B2209",104.56,104.54,104.57
2022-07-08,84200000,31320000,"ICEU","B2209",104.56,104.53,104.56
2022-07-08,84201000,31321000,"ICEU","B2209",104.56,104.54,104.57
2022-07-08,84204000,31324000,"ICEU","B2209",104.56,104.54,104.57
2022-07-08,84205000,31325000,"ICEU","B2209",104.56,104.54,104.57
2022-07-08,84206000,31326000,"ICEU","B2209",104.56,104.54,104.57
2022-07-08,84209000,31329000,"ICEU","B2209",104.56,104.54,104.57
2022-07-08,84210000,31330000,"ICEU","B2209",104.56,104.54,104.57
2022-07-08,84212000,31332000,"ICEU","B2209",104.56,104.52,104.55
2022-07-08,84213000,31333000,"ICEU","B2209",104.56,104.52,104.55
2022-07-08,84214000,31334000,"ICEU","B2209",104.56,104.52,104.55
2022-07-08,84216000,31336000,"ICEU","B2209",104.54,104.52,104.55
2022-07-08,84221000,31341000,"ICEU","B2209",104.54,104.52,104.55
2022-07-08,84225000,31345000,"ICEU","B2209",104.54,104.52,104.54
2022-07-08,84226000,31346000,"ICEU","B2209",104.54,104.51,104.54
2022-07-08,84232000,31352000,"ICEU","B2209",104.54,104.51,104.54
2022-07-08,84239000,31359000,"ICEU","B2209",104.54,104.53,104.54
2022-07-08,84241000,31361000,"ICEU","B2209",104.54,104.52,104.54
2022-07-08,84243000,31363000,"ICEU","B2209",104.54,104.51,104.54
2022-07-08,84245000,31365000,"ICEU","B2209",104.54,104.51,104.54
2022-07-08,84248000,31368000,"ICEU","B2209",104.54,104.51,104.54
2022-07-08,84249000,31369000,"ICEU","B2209",104.54,104.51,104.54
2022-07-08,84250000,31370000,"ICEU","B2209",104.54,104.51,104.54
2022-07-08,84253000,31373000,"ICEU","B2209",104.54,104.51,104.54
2022-07-08,84257000,31377000,"ICEU","B2209",104.54,104.5,104.53
2022-07-08,84258000,31378000,"ICEU","B2209",104.54,104.5,104.53
2022-07-08,84300000,31380000,"ICEU","B2209",104.54,104.5,104.51
2022-07-08,84301000,31381000,"ICEU","B2209",104.51,104.52,104.54
2022-07-08,84303000,31383000,"ICEU","B2209",104.51,104.52,104.54
2022-07-08,84304000,31384000,"ICEU","B2209",104.51,104.51,104.54
2022-07-08,84305000,31385000,"ICEU","B2209",104.51,104.49,104.52
2022-07-08,84306000,31386000,"ICEU","B2209",104.51,104.49,104.52
2022-07-08,84307000,31387000,"ICEU","B2209",104.51,104.49,104.52
2022-07-08,84308000,31388000,"ICEU","B2209",104.51,104.48,104.51
2022-07-08,84310000,31390000,"ICEU","B2209",104.51,104.47,104.5
2022-07-08,84311000,31391000,"ICEU","B2209",104.51,104.47,104.5
2022-07-08,84314000,31394000,"ICEU","B2209",104.51,104.46,104.49
2022-07-08,84316000,31396000,"ICEU","B2209",104.51,104.46,104.49
2022-07-08,84317000,31397000,"ICEU","B2209",104.51,104.49,104.51
2022-07-08,84318000,31398000,"ICEU","B2209",104.51,104.47,104.5
2022-07-08,84319000,31399000,"ICEU","B2209",104.51,104.47,104.5
2022-07-08,84320000,31400000,"ICEU","B2209",104.51,104.46,104.49
2022-07-08,84321000,31401000,"ICEU","B2209",104.51,104.47,104.5
2022-07-08,84322000,31402000,"ICEU","B2209",104.51,104.48,104.51
2022-07-08,84325000,31405000,"ICEU","B2209",104.51,104.48,104.51
2022-07-08,84326000,31406000,"ICEU","B2209",104.51,104.49,104.52
2022-07-08,84327000,31407000,"ICEU","B2209",104.51,104.48,104.51
2022-07-08,84328000,31408000,"ICEU","B2209",104.51,104.47,104.5
2022-07-08,84329000,31409000,"ICEU","B2209",104.47,104.46,104.49
2022-07-08,84333000,31413000,"ICEU","B2209",104.47,104.46,104.49
2022-07-08,84338000,31418000,"ICEU","B2209",104.47,104.46,104.49
2022-07-08,84341000,31421000,"ICEU","B2209",104.47,104.48,104.51
2022-07-08,84342000,31422000,"ICEU","B2209",104.47,104.48,104.51
2022-07-08,84344000,31424000,"ICEU","B2209",104.47,104.48,104.51
2022-07-08,84347000,31427000,"ICEU","B2209",104.47,104.48,104.51
2022-07-08,84348000,31428000,"ICEU","B2209",104.47,104.47,104.5
2022-07-08,84356000,31436000,"ICEU","B2209",104.47,104.47,104.5
2022-07-08,84400000,31440000,"ICEU","B2209",104.47,104.47,104.5
2022-07-08,84401000,31441000,"ICEU","B2209",104.47,104.47,104.5
2022-07-08,84402000,31442000,"ICEU","B2209",104.47,104.48,104.51
2022-07-08,84404000,31444000,"ICEU","B2209",104.47,104.48,104.51
2022-07-08,84405000,31445000,"ICEU","B2209",104.47,104.48,104.51
2022-07-08,84406000,31446000,"ICEU","B2209",104.47,104.48,104.51
2022-07-08,84407000,31447000,"ICEU","B2209",104.47,104.48,104.51
2022-07-08,84410000,31450000,"ICEU","B2209",104.47,104.48,104.51
2022-07-08,84411000,31451000,"ICEU","B2209",104.47,104.48,104.51
2022-07-08,84412000,31452000,"ICEU","B2209",104.47,104.48,104.51
2022-07-08,84413000,31453000,"ICEU","B2209",104.47,104.48,104.51
2022-07-08,84415000,31455000,"ICEU","B2209",104.47,104.5,104.53
2022-07-08,84416000,31456000,"ICEU","B2209",104.47,104.5,104.53
2022-07-08,84420000,31460000,"ICEU","B2209",104.47,104.5,104.52
2022-07-08,84421000,31461000,"ICEU","B2209",104.52,104.51,104.54
2022-07-08,84422000,31462000,"ICEU","B2209",104.52,104.52,104.54
2022-07-08,84424000,31464000,"ICEU","B2209",104.52,104.52,104.54
2022-07-08,84426000,31466000,"ICEU","B2209",104.52,104.52,104.54
2022-07-08,84446000,31486000,"ICEU","B2209",104.52,104.52,104.54
2022-07-08,84447000,31487000,"ICEU","B2209",104.52,104.52,104.54
2022-07-08,84457000,31497000,"ICEU","B2209",104.52,104.52,104.54
2022-07-08,84459000,31499000,"ICEU","B2209",104.52,104.52,104.54
2022-07-08,84501000,31501000,"ICEU","B2209",104.52,104.52,104.54
2022-07-08,84502000,31502000,"ICEU","B2209",104.52,104.52,104.54
2022-07-08,84505000,31505000,"ICEU","B2209",104.54,104.55,104.58
2022-07-08,84507000,31507000,"ICEU","B2209",104.55,104.53,104.56
2022-07-08,84509000,31509000,"ICEU","B2209",104.55,104.53,104.56
2022-07-08,84510000,31510000,"ICEU","B2209",104.55,104.53,104.56
2022-07-08,84511000,31511000,"ICEU","B2209",104.55,104.53,104.56
2022-07-08,84522000,31522000,"ICEU","B2209",104.55,104.53,104.56
2022-07-08,84526000,31526000,"ICEU","B2209",104.55,104.53,104.56
2022-07-08,84528000,31528000,"ICEU","B2209",104.55,104.53,104.56
2022-07-08,84540000,31540000,"ICEU","B2209",104.55,104.54,104.57
2022-07-08,84543000,31543000,"ICEU","B2209",104.55,104.54,104.57
2022-07-08,84544000,31544000,"ICEU","B2209",104.55,104.55,104.57
2022-07-08,84547000,31547000,"ICEU","B2209",104.55,104.55,104.57
2022-07-08,84551000,31551000,"ICEU","B2209",104.55,104.55,104.58
2022-07-08,84554000,31554000,"ICEU","B2209",104.55,104.55,104.57
2022-07-08,84555000,31555000,"ICEU","B2209",104.55,104.55,104.58
2022-07-08,84556000,31556000,"ICEU","B2209",104.55,104.55,104.58
2022-07-08,84557000,31557000,"ICEU","B2209",104.55,104.55,104.58
2022-07-08,84558000,31558000,"ICEU","B2209",104.55,104.55,104.58
2022-07-08,84559000,31559000,"ICEU","B2209",104.55,104.55,104.58
2022-07-08,84601000,31561000,"ICEU","B2209",104.55,104.58,104.61
2022-07-08,84602000,31562000,"ICEU","B2209",104.55,104.59,104.61
2022-07-08,84604000,31564000,"ICEU","B2209",104.55,104.59,104.61
2022-07-08,84605000,31565000,"ICEU","B2209",104.55,104.59,104.61
2022-07-08,84607000,31567000,"ICEU","B2209",104.55,104.59,104.61
2022-07-08,84608000,31568000,"ICEU","B2209",104.55,104.59,104.61
2022-07-08,84610000,31570000,"ICEU","B2209",104.55,104.6,104.61
2022-07-08,84611000,31571000,"ICEU","B2209",104.61,104.6,104.63
2022-07-08,84612000,31572000,"ICEU","B2209",104.61,104.6,104.63
2022-07-08,84614000,31574000,"ICEU","B2209",104.61,104.6,104.63
2022-07-08,84615000,31575000,"ICEU","B2209",104.61,104.6,104.63
2022-07-08,84618000,31578000,"ICEU","B2209",104.61,104.6,104.63
2022-07-08,84619000,31579000,"ICEU","B2209",104.61,104.6,104.63
2022-07-08,84621000,31581000,"ICEU","B2209",104.61,104.6,104.62
2022-07-08,84622000,31582000,"ICEU","B2209",104.61,104.6,104.62
2022-07-08,84623000,31583000,"ICEU","B2209",104.61,104.6,104.62
2022-07-08,84624000,31584000,"ICEU","B2209",104.61,104.6,104.62
2022-07-08,84625000,31585000,"ICEU","B2209",104.61,104.6,104.62
2022-07-08,84626000,31586000,"ICEU","B2209",104.61,104.6,104.62
2022-07-08,84627000,31587000,"ICEU","B2209",104.61,104.6,104.62
2022-07-08,84628000,31588000,"ICEU","B2209",104.62,104.61,104.64
2022-07-08,84629000,31589000,"ICEU","B2209",104.62,104.61,104.64
2022-07-08,84631000,31591000,"ICEU","B2209",104.62,104.61,104.64
2022-07-08,84632000,31592000,"ICEU","B2209",104.61,104.58,104.61
2022-07-08,84633000,31593000,"ICEU","B2209",104.61,104.58,104.61
2022-07-08,84634000,31594000,"ICEU","B2209",104.61,104.58,104.61
2022-07-08,84636000,31596000,"ICEU","B2209",104.61,104.57,104.6
2022-07-08,84637000,31597000,"ICEU","B2209",104.61,104.57,104.6
2022-07-08,84640000,31600000,"ICEU","B2209",104.61,104.55,104.57
2022-07-08,84641000,31601000,"ICEU","B2209",104.61,104.55,104.57
2022-07-08,84644000,31604000,"ICEU","B2209",104.55,104.53,104.56
2022-07-08,84645000,31605000,"ICEU","B2209",104.55,104.53,104.56
2022-07-08,84646000,31606000,"ICEU","B2209",104.55,104.53,104.56
2022-07-08,84648000,31608000,"ICEU","B2209",104.55,104.53,104.56
2022-07-08,84650000,31610000,"ICEU","B2209",104.55,104.53,104.56
2022-07-08,84651000,31611000,"ICEU","B2209",104.55,104.53,104.56
2022-07-08,84654000,31614000,"ICEU","B2209",104.55,104.53,104.56
2022-07-08,84659000,31619000,"ICEU","B2209",104.55,104.53,104.56
2022-07-08,84700000,31620000,"ICEU","B2209",104.55,104.53,104.55
2022-07-08,84701000,31621000,"ICEU","B2209",104.55,104.53,104.55
2022-07-08,84702000,31622000,"ICEU","B2209",104.55,104.53,104.55
2022-07-08,84705000,31625000,"ICEU","B2209",104.55,104.51,104.53
2022-07-08,84706000,31626000,"ICEU","B2209",104.55,104.51,104.53
2022-07-08,84708000,31628000,"ICEU","B2209",104.51,104.48,104.51
2022-07-08,84709000,31629000,"ICEU","B2209",104.51,104.48,104.51
2022-07-08,84713000,31633000,"ICEU","B2209",104.51,104.49,104.52
2022-07-08,84714000,31634000,"ICEU","B2209",104.51,104.49,104.52
2022-07-08,84718000,31638000,"ICEU","B2209",104.51,104.48,104.51
2022-07-08,84725000,31645000,"ICEU","B2209",104.51,104.48,104.51
2022-07-08,84726000,31646000,"ICEU","B2209",104.49,104.47,104.51
2022-07-08,84728000,31648000,"ICEU","B2209",104.49,104.47,104.51
2022-07-08,84729000,31649000,"ICEU","B2209",104.49,104.47,104.51
2022-07-08,84730000,31650000,"ICEU","B2209",104.49,104.48,104.51
2022-07-08,84731000,31651000,"ICEU","B2209",104.49,104.48,104.51
2022-07-08,84736000,31656000,"ICEU","B2209",104.49,104.48,104.52
2022-07-08,84753000,31673000,"ICEU","B2209",104.49,104.49,104.52
2022-07-08,84756000,31676000,"ICEU","B2209",104.49,104.49,104.52
2022-07-08,84759000,31679000,"ICEU","B2209",104.49,104.49,104.52
2022-07-08,84800000,31680000,"ICEU","B2209",104.49,104.49,104.52
2022-07-08,84803000,31683000,"ICEU","B2209",104.49,104.49,104.52
2022-07-08,84807000,31687000,"ICEU","B2209",104.52,104.51,104.53
2022-07-08,84808000,31688000,"ICEU","B2209",104.52,104.5,104.53
2022-07-08,84809000,31689000,"ICEU","B2209",104.52,104.52,104.54
2022-07-08,84810000,31690000,"ICEU","B2209",104.52,104.52,104.54
2022-07-08,84812000,31692000,"ICEU","B2209",104.52,104.51,104.54
2022-07-08,84814000,31694000,"ICEU","B2209",104.52,104.5,104.53
2022-07-08,84817000,31697000,"ICEU","B2209",104.52,104.5,104.53
2022-07-08,84821000,31701000,"ICEU","B2209",104.52,104.5,104.53
2022-07-08,84823000,31703000,"ICEU","B2209",104.52,104.49,104.52
2022-07-08,84827000,31707000,"ICEU","B2209",104.52,104.5,104.53
2022-07-08,84831000,31711000,"ICEU","B2209",104.52,104.51,104.55
2022-07-08,84832000,31712000,"ICEU","B2209",104.52,104.52,104.55
2022-07-08,84833000,31713000,"ICEU","B2209",104.52,104.52,104.55
2022-07-08,84834000,31714000,"ICEU","B2209",104.52,104.51,104.54
2022-07-08,84836000,31716000,"ICEU","B2209",104.52,104.51,104.54
2022-07-08,91638000,33398000,"ICEU","B2209",0,104.81,104.83
2022-07-08,91639000,33399000,"ICEU","B2209",0,104.8,104.83
2022-07-08,91640000,33400000,"ICEU","B2209",104.83,104.83,104.85
2022-07-08,91641000,33401000,"ICEU","B2209",104.83,104.84,104.85
2022-07-08,91642000,33402000,"ICEU","B2209",104.85,104.85,104.87
2022-07-08,91644000,33404000,"ICEU","B2209",104.85,104.85,104.87
2022-07-08,91645000,33405000,"ICEU","B2209",104.86,104.85,104.86
2022-07-08,91646000,33406000,"ICEU","B2209",104.85,104.84,104.85
2022-07-08,91647000,33407000,"ICEU","B2209",104.84,104.83,104.84
2022-07-08,91648000,33408000,"ICEU","B2209",104.84,104.83,104.86
2022-07-08,91649000,33409000,"ICEU","B2209",104.84,104.84,104.86
2022-07-08,91650000,33410000,"ICEU","B2209",104.86,104.85,104.87
2022-07-08,91651000,33411000,"ICEU","B2209",104.86,104.85,104.86
2022-07-08,91652000,33412000,"ICEU","B2209",104.85,104.84,104.86
2022-07-08,91653000,33413000,"ICEU","B2209",104.85,104.85,104.86
2022-07-08,91654000,33414000,"ICEU","B2209",104.85,104.85,104.88
2022-07-08,91655000,33415000,"ICEU","B2209",104.87,104.86,104.88
2022-07-08,91656000,33416000,"ICEU","B2209",104.86,104.86,104.87
2022-07-08,91657000,33417000,"ICEU","B2209",104.86,104.85,104.86
2022-07-08,91659000,33419000,"ICEU","B2209",104.86,104.85,104.87
2022-07-08,91700000,33420000,"ICEU","B2209",104.86,104.87,104.88
2022-07-08,91701000,33421000,"ICEU","B2209",104.86,104.85,104.87
2022-07-08,91702000,33422000,"ICEU","B2209",104.87,104.86,104.88
2022-07-08,91703000,33423000,"ICEU","B2209",104.87,104.86,104.88
2022-07-08,91704000,33424000,"ICEU","B2209",104.87,104.86,104.88
2022-07-08,91705000,33425000,"ICEU","B2209",104.88,104.86,104.89
2022-07-08,91706000,33426000,"ICEU","B2209",104.88,104.87,104.89
2022-07-08,91707000,33427000,"ICEU","B2209",104.88,104.87,104.89
2022-07-08,91708000,33428000,"ICEU","B2209",104.88,104.88,104.9
2022-07-08,91709000,33429000,"ICEU","B2209",104.89,104.88,104.91
2022-07-08,91711000,33431000,"ICEU","B2209",104.89,104.88,104.91
2022-07-08,91712000,33432000,"ICEU","B2209",104.89,104.86,104.88
2022-07-08,91713000,33433000,"ICEU","B2209",104.89,104.86,104.88
2022-07-08,91714000,33434000,"ICEU","B2209",104.89,104.85,104.88
2022-07-08,91715000,33435000,"ICEU","B2209",104.89,104.85,104.87
2022-07-08,91716000,33436000,"ICEU","B2209",104.83,104.79,104.81
2022-07-08,91717000,33437000,"ICEU","B2209",104.79,104.77,104.79
2022-07-08,91718000,33438000,"ICEU","B2209",104.79,104.79,104.81
2022-07-08,91719000,33439000,"ICEU","B2209",104.77,104.78,104.8
2022-07-08,91720000,33440000,"ICEU","B2209",104.74,104.75,104.78
2022-07-08,91721000,33441000,"ICEU","B2209",104.74,104.73,104.76
2022-07-08,91722000,33442000,"ICEU","B2209",104.74,104.72,104.75
2022-07-08,91723000,33443000,"ICEU","B2209",104.74,104.72,104.74
2022-07-08,91724000,33444000,"ICEU","B2209",104.71,104.7,104.73
2022-07-08,91725000,33445000,"ICEU","B2209",104.71,104.69,104.72
2022-07-08,91726000,33446000,"ICEU","B2209",104.71,104.68,104.71
2022-07-08,91727000,33447000,"ICEU","B2209",104.71,104.68,104.71
2022-07-08,91728000,33448000,"ICEU","B2209",104.71,104.66,104.69
2022-07-08,91729000,33449000,"ICEU","B2209",104.71,104.66,104.68
2022-07-08,91730000,33450000,"ICEU","B2209",104.67,104.65,104.67
2022-07-08,91731000,33451000,"ICEU","B2209",104.64,104.62,104.65
2022-07-08,91732000,33452000,"ICEU","B2209",104.64,104.61,104.64
2022-07-08,91733000,33453000,"ICEU","B2209",104.64,104.61,104.63
2022-07-08,91734000,33454000,"ICEU","B2209",104.64,104.61,104.63
2022-07-08,91735000,33455000,"ICEU","B2209",104.64,104.61,104.63
2022-07-08,91736000,33456000,"ICEU","B2209",104.64,104.61,104.63
2022-07-08,91737000,33457000,"ICEU","B2209",104.64,104.61,104.63
2022-07-08,91738000,33458000,"ICEU","B2209",104.63,104.62,104.64
2022-07-08,91739000,33459000,"ICEU","B2209",104.63,104.62,104.65
2022-07-08,91741000,33461000,"ICEU","B2209",104.63,104.62,104.65
2022-07-08,91742000,33462000,"ICEU","B2209",104.63,104.62,104.65
2022-07-08,91743000,33463000,"ICEU","B2209",104.63,104.61,104.64
2022-07-08,91744000,33464000,"ICEU","B2209",104.63,104.62,104.65
2022-07-08,91745000,33465000,"ICEU","B2209",104.63,104.62,104.65
2022-07-08,91746000,33466000,"ICEU","B2209",104.63,104.63,104.66
2022-07-08,91747000,33467000,"ICEU","B2209",104.63,104.65,104.67
2022-07-08,91748000,33468000,"ICEU","B2209",104.63,104.64,104.66
2022-07-08,91749000,33469000,"ICEU","B2209",104.63,104.64,104.67
2022-07-08,91750000,33470000,"ICEU","B2209",104.63,104.63,104.66
2022-07-08,91751000,33471000,"ICEU","B2209",104.63,104.64,104.67
2022-07-08,91752000,33472000,"ICEU","B2209",104.63,104.63,104.66
2022-07-08,91753000,33473000,"ICEU","B2209",104.63,104.62,104.65
2022-07-08,91754000,33474000,"ICEU","B2209",104.63,104.61,104.64
2022-07-08,91755000,33475000,"ICEU","B2209",104.62,104.61,104.64
2022-07-08,91756000,33476000,"ICEU","B2209",104.62,104.61,104.64
2022-07-08,91757000,33477000,"ICEU","B2209",104.61,104.61,104.62
2022-07-08,91758000,33478000,"ICEU","B2209",104.61,104.61,104.62
2022-07-08,91759000,33479000,"ICEU","B2209",104.61,104.61,104.63
2022-07-08,91800000,33480000,"ICEU","B2209",104.61,104.61,104.63
2022-07-08,91801000,33481000,"ICEU","B2209",104.61,104.61,104.62
2022-07-08,91802000,33482000,"ICEU","B2209",104.61,104.61,104.63
2022-07-08,91803000,33483000,"ICEU","B2209",104.61,104.61,104.62
2022-07-08,91804000,33484000,"ICEU","B2209",104.61,104.61,104.63
2022-07-08,91805000,33485000,"ICEU","B2209",104.64,104.63,104.65
2022-07-08,91806000,33486000,"ICEU","B2209",104.64,104.63,104.65
2022-07-08,91807000,33487000,"ICEU","B2209",104.6,104.58,104.6
2022-07-08,91808000,33488000,"ICEU","B2209",104.6,104.56,104.59
2022-07-08,91809000,33489000,"ICEU","B2209",104.57,104.56,104.59
2022-07-08,91810000,33490000,"ICEU","B2209",104.55,104.52,104.55
2022-07-08,91811000,33491000,"ICEU","B2209",104.55,104.52,104.55
2022-07-08,91812000,33492000,"ICEU","B2209",104.52,104.51,104.53
2022-07-08,91813000,33493000,"ICEU","B2209",104.51,104.48,104.51
2022-07-08,91814000,33494000,"ICEU","B2209",104.47,104.45,104.48
2022-07-08,91815000,33495000,"ICEU","B2209",104.48,104.46,104.48
2022-07-08,91816000,33496000,"ICEU","B2209",104.48,104.48,104.51
2022-07-08,91817000,33497000,"ICEU","B2209",104.48,104.46,104.49
2022-07-08,91818000,33498000,"ICEU","B2209",104.48,104.46,104.49
2022-07-08,91819000,33499000,"ICEU","B2209",104.47,104.46,104.48
2022-07-08,91820000,33500000,"ICEU","B2209",104.47,104.47,104.49
2022-07-08,91821000,33501000,"ICEU","B2209",104.49,104.47,104.49
2022-07-08,91822000,33502000,"ICEU","B2209",104.46,104.46,104.49
2022-07-08,91823000,33503000,"ICEU","B2209",104.46,104.45,104.48
2022-07-08,91824000,33504000,"ICEU","B2209",104.46,104.44,104.47
2022-07-08,91825000,33505000,"ICEU","B2209",104.46,104.44,104.47
2022-07-08,91826000,33506000,"ICEU","B2209",104.46,104.44,104.46
2022-07-08,91827000,33507000,"ICEU","B2209",104.46,104.44,104.47
2022-07-08,91830000,33510000,"ICEU","B2209",104.44,104.44,104.47
2022-07-08,91831000,33511000,"ICEU","B2209",104.47,104.45,104.47
2022-07-08,91832000,33512000,"ICEU","B2209",104.47,104.43,104.45
2022-07-08,91833000,33513000,"ICEU","B2209",104.47,104.43,104.46
2022-07-08,91834000,33514000,"ICEU","B2209",104.46,104.44,104.47
2022-07-08,91835000,33515000,"ICEU","B2209",104.46,104.45,104.47
2022-07-08,91836000,33516000,"ICEU","B2209",104.46,104.44,104.46
2022-07-08,91837000,33517000,"ICEU","B2209",104.46,104.44,104.47
2022-07-08,91838000,33518000,"ICEU","B2209",104.46,104.44,104.47
2022-07-08,91839000,33519000,"ICEU","B2209",104.46,104.48,104.51
2022-07-08,91840000,33520000,"ICEU","B2209",104.46,104.5,104.52
2022-07-08,91841000,33521000,"ICEU","B2209",104.46,104.5,104.52
2022-07-08,91842000,33522000,"ICEU","B2209",104.5,104.48,104.5
2022-07-08,91843000,33523000,"ICEU","B2209",104.5,104.48,104.5
2022-07-08,91844000,33524000,"ICEU","B2209",104.5,104.5,104.53
2022-07-08,91845000,33525000,"ICEU","B2209",104.5,104.49,104.52
2022-07-08,91846000,33526000,"ICEU","B2209",104.5,104.48,104.51
2022-07-08,91847000,33527000,"ICEU","B2209",104.5,104.48,104.51
2022-07-08,91848000,33528000,"ICEU","B2209",104.49,104.46,104.49
2022-07-08,91849000,33529000,"ICEU","B2209",104.49,104.47,104.49
2022-07-08,91850000,33530000,"ICEU","B2209",104.49,104.47,104.5
2022-07-08,91851000,33531000,"ICEU","B2209",104.49,104.47,104.5
2022-07-08,91852000,33532000,"ICEU","B2209",104.49,104.47,104.5
2022-07-08,91853000,33533000,"ICEU","B2209",104.49,104.45,104.48
2022-07-08,91854000,33534000,"ICEU","B2209",104.49,104.45,104.48
2022-07-08,91855000,33535000,"ICEU","B2209",104.49,104.45,104.48
2022-07-08,91856000,33536000,"ICEU","B2209",104.49,104.46,104.48
2022-07-08,91857000,33537000,"ICEU","B2209",104.42,104.4,104.43
2022-07-08,91858000,33538000,"ICEU","B2209",104.42,104.42,104.45
2022-07-08,91859000,33539000,"ICEU","B2209",104.42,104.43,104.46
2022-07-08,91900000,33540000,"ICEU","B2209",104.42,104.43,104.45
2022-07-08,91901000,33541000,"ICEU","B2209",104.42,104.43,104.46
2022-07-08,91903000,33543000,"ICEU","B2209",104.42,104.43,104.45
2022-07-08,91904000,33544000,"ICEU","B2209",104.41,104.39,104.42
2022-07-08,91905000,33545000,"ICEU","B2209",104.39,104.38,104.41
2022-07-08,91906000,33546000,"ICEU","B2209",104.39,104.38,104.41
2022-07-08,91907000,33547000,"ICEU","B2209",104.38,104.36,104.39
2022-07-08,91908000,33548000,"ICEU","B2209",104.37,104.37,104.39
2022-07-08,91909000,33549000,"ICEU","B2209",104.37,104.37,104.39
2022-07-08,91910000,33550000,"ICEU","B2209",104.37,104.37,104.39
2022-07-08,91911000,33551000,"ICEU","B2209",104.37,104.37,104.39
2022-07-08,91912000,33552000,"ICEU","B2209",104.37,104.36,104.39
2022-07-08,91913000,33553000,"ICEU","B2209",104.38,104.36,104.39
2022-07-08,91914000,33554000,"ICEU","B2209",104.38,104.37,104.39
2022-07-08,91915000,33555000,"ICEU","B2209",104.38,104.35,104.38
2022-07-08,91916000,33556000,"ICEU","B2209",104.38,104.34,104.37
2022-07-08,91917000,33557000,"ICEU","B2209",104.34,104.34,104.36
2022-07-08,91918000,33558000,"ICEU","B2209",104.36,104.36,104.38
2022-07-08,91919000,33559000,"ICEU","B2209",104.37,104.36,104.38
2022-07-08,91920000,33560000,"ICEU","B2209",104.37,104.33,104.36
2022-07-08,91921000,33561000,"ICEU","B2209",104.35,104.34,104.37
2022-07-08,91922000,33562000,"ICEU","B2209",104.35,104.34,104.37
2022-07-08,91923000,33563000,"ICEU","B2209",104.34,104.33,104.35
2022-07-08,91924000,33564000,"ICEU","B2209",104.34,104.34,104.37
2022-07-08,91925000,33565000,"ICEU","B2209",104.34,104.34,104.36
2022-07-08,91926000,33566000,"ICEU","B2209",104.33,104.32,104.34
2022-07-08,91927000,33567000,"ICEU","B2209",104.32,104.3,104.33
2022-07-08,91928000,33568000,"ICEU","B2209",104.29,104.29,104.32
2022-07-08,91929000,33569000,"ICEU","B2209",104.29,104.29,104.32
2022-07-08,91930000,33570000,"ICEU","B2209",104.29,104.3,104.33
2022-07-08,91931000,33571000,"ICEU","B2209",104.29,104.29,104.32
2022-07-08,91932000,33572000,"ICEU","B2209",104.29,104.29,104.32
2022-07-08,91933000,33573000,"ICEU","B2209",104.29,104.29,104.32
2022-07-08,91934000,33574000,"ICEU","B2209",104.32,104.3,104.33
2022-07-08,91935000,33575000,"ICEU","B2209",104.32,104.29,104.32
2022-07-08,91936000,33576000,"ICEU","B2209",104.32,104.31,104.33
2022-07-08,91937000,33577000,"ICEU","B2209",104.32,104.29,104.32
2022-07-08,91938000,33578000,"ICEU","B2209",104.32,104.29,104.31
2022-07-08,91939000,33579000,"ICEU","B2209",104.32,104.3,104.32
2022-07-08,91940000,33580000,"ICEU","B2209",104.32,104.29,104.32
2022-07-08,91941000,33581000,"ICEU","B2209",104.32,104.29,104.31
2022-07-08,91942000,33582000,"ICEU","B2209",104.32,104.31,104.33
2022-07-08,91943000,33583000,"ICEU","B2209",104.32,104.31,104.33
2022-07-08,91944000,33584000,"ICEU","B2209",104.33,104.32,104.35
2022-07-08,91945000,33585000,"ICEU","B2209",104.33,104.35,104.37
2022-07-08,91946000,33586000,"ICEU","B2209",104.33,104.35,104.37
2022-07-08,91947000,33587000,"ICEU","B2209",104.33,104.35,104.37
2022-07-08,91948000,33588000,"ICEU","B2209",104.33,104.35,104.38
2022-07-08,91949000,33589000,"ICEU","B2209",104.37,104.37,104.4
2022-07-08,91950000,33590000,"ICEU","B2209",104.37,104.36,104.39
2022-07-08,91951000,33591000,"ICEU","B2209",104.37,104.35,104.38
2022-07-08,91952000,33592000,"ICEU","B2209",104.37,104.36,104.38
2022-07-08,91953000,33593000,"ICEU","B2209",104.37,104.37,104.39
2022-07-08,91955000,33595000,"ICEU","B2209",104.37,104.35,104.38
2022-07-08,91956000,33596000,"ICEU","B2209",104.37,104.35,104.38
2022-07-08,91957000,33597000,"ICEU","B2209",104.37,104.35,104.38
2022-07-08,91958000,33598000,"ICEU","B2209",104.37,104.36,104.38
2022-07-08,91959000,33599000,"ICEU","B2209",104.36,104.33,104.36
2022-07-08,9.2e+07,33600000,"ICEU","B2209",104.36,104.33,104.36
2022-07-08,92001000,33601000,"ICEU","B2209",104.36,104.35,104.37
2022-07-08,92002000,33602000,"ICEU","B2209",104.36,104.36,104.39
2022-07-08,92003000,33603000,"ICEU","B2209",104.39,104.38,104.41
2022-07-08,92004000,33604000,"ICEU","B2209",104.39,104.38,104.42
2022-07-08,92005000,33605000,"ICEU","B2209",104.39,104.39,104.42
2022-07-08,92006000,33606000,"ICEU","B2209",104.39,104.39,104.42
2022-07-08,92007000,33607000,"ICEU","B2209",104.42,104.41,104.44
2022-07-08,92008000,33608000,"ICEU","B2209",104.42,104.41,104.44
2022-07-08,92009000,33609000,"ICEU","B2209",104.42,104.41,104.44
2022-07-08,92010000,33610000,"ICEU","B2209",104.42,104.4,104.42
2022-07-08,92011000,33611000,"ICEU","B2209",104.42,104.4,104.43
2022-07-08,92012000,33612000,"ICEU","B2209",104.42,104.41,104.44
2022-07-08,92013000,33613000,"ICEU","B2209",104.42,104.42,104.44
2022-07-08,92014000,33614000,"ICEU","B2209",104.43,104.4,104.43
2022-07-08,92015000,33615000,"ICEU","B2209",104.4,104.39,104.41
2022-07-08,92016000,33616000,"ICEU","B2209",104.4,104.38,104.41
2022-07-08,92017000,33617000,"ICEU","B2209",104.4,104.35,104.38
2022-07-08,92018000,33618000,"ICEU","B2209",104.4,104.33,104.35
2022-07-08,92019000,33619000,"ICEU","B2209",104.4,104.32,104.34
2022-07-08,92020000,33620000,"ICEU","B2209",104.4,104.32,104.35
2022-07-08,92021000,33621000,"ICEU","B2209",104.35,104.33,104.36
2022-07-08,92022000,33622000,"ICEU","B2209",104.35,104.34,104.37
2022-07-08,92023000,33623000,"ICEU","B2209",104.35,104.34,104.36
2022-07-08,92024000,33624000,"ICEU","B2209",104.35,104.36,104.38
2022-07-08,92025000,33625000,"ICEU","B2209",104.35,104.35,104.38
2022-07-08,92026000,33626000,"ICEU","B2209",104.35,104.35,104.38
2022-07-08,92027000,33627000,"ICEU","B2209",104.35,104.32,104.35
2022-07-08,92028000,33628000,"ICEU","B2209",104.35,104.32,104.35
2022-07-08,92029000,33629000,"ICEU","B2209",104.35,104.32,104.35
2022-07-08,92030000,33630000,"ICEU","B2209",104.35,104.33,104.36
2022-07-08,92031000,33631000,"ICEU","B2209",104.35,104.32,104.35
2022-07-08,92032000,33632000,"ICEU","B2209",104.35,104.32,104.34
2022-07-08,92033000,33633000,"ICEU","B2209",104.35,104.31,104.34
2022-07-08,92034000,33634000,"ICEU","B2209",104.3,104.29,104.31
2022-07-08,92035000,33635000,"ICEU","B2209",104.3,104.29,104.32
2022-07-08,92036000,33636000,"ICEU","B2209",104.31,104.3,104.32
2022-07-08,92037000,33637000,"ICEU","B2209",104.31,104.3,104.32
2022-07-08,92038000,33638000,"ICEU","B2209",104.32,104.31,104.33
2022-07-08,92039000,33639000,"ICEU","B2209",104.32,104.32,104.34
2022-07-08,92040000,33640000,"ICEU","B2209",104.32,104.32,104.34
2022-07-08,92041000,33641000,"ICEU","B2209",104.32,104.32,104.34
2022-07-08,92042000,33642000,"ICEU","B2209",104.32,104.32,104.34
2022-07-08,92044000,33644000,"ICEU","B2209",104.32,104.31,104.34
2022-07-08,92045000,33645000,"ICEU","B2209",104.32,104.31,104.34
2022-07-08,92046000,33646000,"ICEU","B2209",104.32,104.31,104.33
2022-07-08,92047000,33647000,"ICEU","B2209",104.32,104.29,104.31
2022-07-08,92048000,33648000,"ICEU","B2209",104.29,104.29,104.31
2022-07-08,92049000,33649000,"ICEU","B2209",104.29,104.29,104.32
2022-07-08,92050000,33650000,"ICEU","B2209",104.29,104.3,104.34
2022-07-08,92051000,33651000,"ICEU","B2209",104.29,104.32,104.34
2022-07-08,92052000,33652000,"ICEU","B2209",104.29,104.32,104.34
2022-07-08,92053000,33653000,"ICEU","B2209",104.29,104.32,104.34
2022-07-08,92054000,33654000,"ICEU","B2209",104.29,104.31,104.34
2022-07-08,92055000,33655000,"ICEU","B2209",104.29,104.31,104.33
2022-07-08,92056000,33656000,"ICEU","B2209",104.29,104.28,104.31
2022-07-08,92057000,33657000,"ICEU","B2209",104.29,104.28,104.31
2022-07-08,92058000,33658000,"ICEU","B2209",104.29,104.28,104.31
2022-07-08,92059000,33659000,"ICEU","B2209",104.29,104.29,104.31
2022-07-08,92100000,33660000,"ICEU","B2209",104.29,104.29,104.31
2022-07-08,92101000,33661000,"ICEU","B2209",104.31,104.31,104.33
2022-07-08,92102000,33662000,"ICEU","B2209",104.31,104.31,104.33
2022-07-08,92103000,33663000,"ICEU","B2209",104.31,104.31,104.32
2022-07-08,92104000,33664000,"ICEU","B2209",104.32,104.31,104.33
2022-07-08,92105000,33665000,"ICEU","B2209",104.33,104.31,104.34
2022-07-08,92106000,33666000,"ICEU","B2209",104.33,104.31,104.34
2022-07-08,92107000,33667000,"ICEU","B2209",104.33,104.33,104.36
2022-07-08,92108000,33668000,"ICEU","B2209",104.33,104.33,104.36
2022-07-08,92109000,33669000,"ICEU","B2209",104.33,104.32,104.34
2022-07-08,92110000,33670000,"ICEU","B2209",104.33,104.3,104.33
2022-07-08,92111000,33671000,"ICEU","B2209",104.33,104.3,104.33
2022-07-08,92112000,33672000,"ICEU","B2209",104.33,104.31,104.33
2022-07-08,92113000,33673000,"ICEU","B2209",104.33,104.31,104.34
2022-07-08,92115000,33675000,"ICEU","B2209",104.33,104.32,104.34
2022-07-08,92116000,33676000,"ICEU","B2209",104.33,104.33,104.36
2022-07-08,92117000,33677000,"ICEU","B2209",104.33,104.33,104.36
2022-07-08,92118000,33678000,"ICEU","B2209",104.33,104.33,104.36
2022-07-08,92119000,33679000,"ICEU","B2209",104.33,104.33,104.35
2022-07-08,92120000,33680000,"ICEU","B2209",104.33,104.32,104.35
2022-07-08,92121000,33681000,"ICEU","B2209",104.33,104.32,104.35
2022-07-08,92122000,33682000,"ICEU","B2209",104.33,104.32,104.35
2022-07-08,92123000,33683000,"ICEU","B2209",104.36,104.36,104.39
2022-07-08,92124000,33684000,"ICEU","B2209",104.36,104.36,104.38
2022-07-08,92125000,33685000,"ICEU","B2209",104.36,104.36,104.39
2022-07-08,92126000,33686000,"ICEU","B2209",104.36,104.34,104.36
2022-07-08,92127000,33687000,"ICEU","B2209",104.36,104.35,104.38
2022-07-08,92128000,33688000,"ICEU","B2209",104.36,104.36,104.38
2022-07-08,92129000,33689000,"ICEU","B2209",104.36,104.38,104.41
2022-07-08,92130000,33690000,"ICEU","B2209",104.36,104.38,104.41
2022-07-08,92131000,33691000,"ICEU","B2209",104.36,104.38,104.41
2022-07-08,92132000,33692000,"ICEU","B2209",104.36,104.37,104.4
2022-07-08,92133000,33693000,"ICEU","B2209",104.36,104.37,104.39
2022-07-08,92134000,33694000,"ICEU","B2209",104.36,104.37,104.39
2022-07-08,92135000,33695000,"ICEU","B2209",104.36,104.37,104.39
2022-07-08,92136000,33696000,"ICEU","B2209",104.36,104.37,104.39
2022-07-08,92137000,33697000,"ICEU","B2209",104.36,104.36,104.39
2022-07-08,92138000,33698000,"ICEU","B2209",104.36,104.37,104.4
2022-07-08,92139000,33699000,"ICEU","B2209",104.36,104.37,104.4
2022-07-08,92140000,33700000,"ICEU","B2209",104.36,104.37,104.39
2022-07-08,92141000,33701000,"ICEU","B2209",104.36,104.37,104.4
2022-07-08,92142000,33702000,"ICEU","B2209",104.36,104.37,104.41
2022-07-08,92143000,33703000,"ICEU","B2209",104.36,104.37,104.4
2022-07-08,92144000,33704000,"ICEU","B2209",104.36,104.35,104.38
2022-07-08,92145000,33705000,"ICEU","B2209",104.36,104.35,104.37
2022-07-08,92146000,33706000,"ICEU","B2209",104.36,104.34,104.37
2022-07-08,92147000,33707000,"ICEU","B2209",104.36,104.34,104.36
2022-07-08,92148000,33708000,"ICEU","B2209",104.36,104.34,104.37
2022-07-08,92150000,33710000,"ICEU","B2209",104.36,104.35,104.38
2022-07-08,92151000,33711000,"ICEU","B2209",104.38,104.38,104.41
2022-07-08,92152000,33712000,"ICEU","B2209",104.42,104.41,104.44
2022-07-08,92153000,33713000,"ICEU","B2209",104.42,104.41,104.44
2022-07-08,92154000,33714000,"ICEU","B2209",104.41,104.38,104.41
2022-07-08,92155000,33715000,"ICEU","B2209",104.41,104.38,104.41
2022-07-08,92157000,33717000,"ICEU","B2209",104.41,104.4,104.42
2022-07-08,92159000,33719000,"ICEU","B2209",104.41,104.39,104.42
2022-07-08,92200000,33720000,"ICEU","B2209",104.41,104.37,104.4
2022-07-08,92201000,33721000,"ICEU","B2209",104.41,104.35,104.37
2022-07-08,92202000,33722000,"ICEU","B2209",104.41,104.35,104.38
2022-07-08,92203000,33723000,"ICEU","B2209",104.38,104.36,104.39
2022-07-08,92204000,33724000,"ICEU","B2209",104.4,104.39,104.41
2022-07-08,92205000,33725000,"ICEU","B2209",104.4,104.39,104.41
2022-07-08,92207000,33727000,"ICEU","B2209",104.48,104.47,104.5
2022-07-08,92208000,33728000,"ICEU","B2209",104.48,104.47,104.5
2022-07-08,92209000,33729000,"ICEU","B2209",104.48,104.48,104.5
2022-07-08,92210000,33730000,"ICEU","B2209",104.47,104.42,104.44
2022-07-08,92211000,33731000,"ICEU","B2209",104.47,104.41,104.44
2022-07-08,92212000,33732000,"ICEU","B2209",104.47,104.41,104.44
2022-07-08,92213000,33733000,"ICEU","B2209",104.47,104.42,104.45
2022-07-08,92214000,33734000,"ICEU","B2209",104.47,104.42,104.44
2022-07-08,92215000,33735000,"ICEU","B2209",104.47,104.41,104.44
2022-07-08,92216000,33736000,"ICEU","B2209",104.47,104.42,104.44
2022-07-08,92217000,33737000,"ICEU","B2209",104.47,104.41,104.44
2022-07-08,92218000,33738000,"ICEU","B2209",104.47,104.41,104.44
2022-07-08,92219000,33739000,"ICEU","B2209",104.47,104.41,104.44
2022-07-08,92220000,33740000,"ICEU","B2209",104.47,104.41,104.44
2022-07-08,92221000,33741000,"ICEU","B2209",104.47,104.41,104.44
2022-07-08,92222000,33742000,"ICEU","B2209",104.47,104.41,104.44
2022-07-08,92223000,33743000,"ICEU","B2209",104.47,104.42,104.43
2022-07-08,92224000,33744000,"ICEU","B2209",104.47,104.42,104.43
2022-07-08,92225000,33745000,"ICEU","B2209",104.47,104.42,104.43
2022-07-08,92226000,33746000,"ICEU","B2209",104.47,104.42,104.43
2022-07-08,92227000,33747000,"ICEU","B2209",104.47,104.42,104.43
2022-07-08,92228000,33748000,"ICEU","B2209",104.41,104.38,104.41
2022-07-08,92229000,33749000,"ICEU","B2209",104.41,104.37,104.4
2022-07-08,92230000,33750000,"ICEU","B2209",104.41,104.37,104.4
2022-07-08,92231000,33751000,"ICEU","B2209",104.41,104.39,104.42
2022-07-08,92232000,33752000,"ICEU","B2209",104.41,104.39,104.42
2022-07-08,92233000,33753000,"ICEU","B2209",104.41,104.4,104.43
2022-07-08,92234000,33754000,"ICEU","B2209",104.41,104.4,104.42
2022-07-08,92236000,33756000,"ICEU","B2209",104.41,104.4,104.42
2022-07-08,92237000,33757000,"ICEU","B2209",104.4,104.38,104.41
2022-07-08,92238000,33758000,"ICEU","B2209",104.4,104.39,104.42
2022-07-08,92239000,33759000,"ICEU","B2209",104.4,104.4,104.43
2022-07-08,92240000,33760000,"ICEU","B2209",104.4,104.4,104.42
2022-07-08,92241000,33761000,"ICEU","B2209",104.4,104.37,104.4
2022-07-08,92242000,33762000,"ICEU","B2209",104.4,104.37,104.4
2022-07-08,92243000,33763000,"ICEU","B2209",104.4,104.39,104.41
2022-07-08,92244000,33764000,"ICEU","B2209",104.39,104.38,104.4
2022-07-08,92245000,33765000,"ICEU","B2209",104.39,104.38,104.4
2022-07-08,92246000,33766000,"ICEU","B2209",104.39,104.38,104.4
2022-07-08,92247000,33767000,"ICEU","B2209",104.39,104.38,104.41
2022-07-08,92248000,33768000,"ICEU","B2209",104.39,104.37,104.4
2022-07-08,92249000,33769000,"ICEU","B2209",104.39,104.36,104.39
2022-07-08,92250000,33770000,"ICEU","B2209",104.36,104.34,104.36
2022-07-08,92251000,33771000,"ICEU","B2209",104.36,104.34,104.36
2022-07-08,92252000,33772000,"ICEU","B2209",104.36,104.32,104.35
2022-07-08,92253000,33773000,"ICEU","B2209",104.36,104.32,104.35
2022-07-08,92256000,33776000,"ICEU","B2209",104.36,104.33,104.36
2022-07-08,92257000,33777000,"ICEU","B2209",104.36,104.33,104.36
2022-07-08,92258000,33778000,"ICEU","B2209",104.36,104.34,104.36
2022-07-08,92259000,33779000,"ICEU","B2209",104.36,104.33,104.36
2022-07-08,92300000,33780000,"ICEU","B2209",104.36,104.33,104.36
2022-07-08,92301000,33781000,"ICEU","B2209",104.36,104.33,104.36
2022-07-08,92302000,33782000,"ICEU","B2209",104.36,104.33,104.36
2022-07-08,92303000,33783000,"ICEU","B2209",104.36,104.33,104.36
2022-07-08,92304000,33784000,"ICEU","B2209",104.36,104.33,104.36
2022-07-08,92306000,33786000,"ICEU","B2209",104.36,104.33,104.36
2022-07-08,92307000,33787000,"ICEU","B2209",104.36,104.35,104.37
2022-07-08,92308000,33788000,"ICEU","B2209",104.37,104.36,104.39
2022-07-08,92309000,33789000,"ICEU","B2209",104.37,104.38,104.39
2022-07-08,92310000,33790000,"ICEU","B2209",104.37,104.38,104.4
2022-07-08,92311000,33791000,"ICEU","B2209",104.38,104.34,104.37
2022-07-08,92312000,33792000,"ICEU","B2209",104.38,104.34,104.37
2022-07-08,92313000,33793000,"ICEU","B2209",104.38,104.34,104.37
2022-07-08,92316000,33796000,"ICEU","B2209",104.38,104.34,104.37
2022-07-08,92317000,33797000,"ICEU","B2209",104.38,104.35,104.38
2022-07-08,92318000,33798000,"ICEU","B2209",104.38,104.35,104.38
2022-07-08,92319000,33799000,"ICEU","B2209",104.38,104.35,104.38
2022-07-08,92320000,33800000,"ICEU","B2209",104.38,104.36,104.38
2022-07-08,92321000,33801000,"ICEU","B2209",104.38,104.36,104.38
2022-07-08,92322000,33802000,"ICEU","B2209",104.38,104.36,104.38
2022-07-08,92323000,33803000,"ICEU","B2209",104.38,104.36,104.38
2022-07-08,92324000,33804000,"ICEU","B2209",104.39,104.4,104.43
2022-07-08,92325000,33805000,"ICEU","B2209",104.39,104.4,104.43
2022-07-08,92326000,33806000,"ICEU","B2209",104.39,104.4,104.43
2022-07-08,92327000,33807000,"ICEU","B2209",104.39,104.4,104.43
2022-07-08,92328000,33808000,"ICEU","B2209",104.39,104.4,104.43
2022-07-08,92330000,33810000,"ICEU","B2209",104.39,104.38,104.41
2022-07-08,92331000,33811000,"ICEU","B2209",104.39,104.39,104.42
2022-07-08,92332000,33812000,"ICEU","B2209",104.39,104.4,104.43
2022-07-08,92333000,33813000,"ICEU","B2209",104.39,104.4,104.43
2022-07-08,92334000,33814000,"ICEU","B2209",104.39,104.4,104.43
2022-07-08,92336000,33816000,"ICEU","B2209",104.39,104.4,104.43
2022-07-08,92337000,33817000,"ICEU","B2209",104.39,104.4,104.43
2022-07-08,92338000,33818000,"ICEU","B2209",104.39,104.4,104.43
2022-07-08,92340000,33820000,"ICEU","B2209",104.4,104.4,104.43
2022-07-08,92341000,33821000,"ICEU","B2209",104.42,104.4,104.43
2022-07-08,92342000,33822000,"ICEU","B2209",104.42,104.4,104.43
2022-07-08,92343000,33823000,"ICEU","B2209",104.42,104.4,104.43
2022-07-08,92344000,33824000,"ICEU","B2209",104.42,104.4,104.43
2022-07-08,92345000,33825000,"ICEU","B2209",104.42,104.4,104.43
2022-07-08,92346000,33826000,"ICEU","B2209",104.42,104.39,104.41
2022-07-08,92347000,33827000,"ICEU","B2209",104.42,104.38,104.4
2022-07-08,92348000,33828000,"ICEU","B2209",104.42,104.4,104.42
2022-07-08,92349000,33829000,"ICEU","B2209",104.42,104.41,104.43
2022-07-08,92350000,33830000,"ICEU","B2209",104.42,104.41,104.43
2022-07-08,92351000,33831000,"ICEU","B2209",104.43,104.4,104.42
2022-07-08,92352000,33832000,"ICEU","B2209",104.43,104.4,104.43
2022-07-08,92354000,33834000,"ICEU","B2209",104.43,104.4,104.43
2022-07-08,92355000,33835000,"ICEU","B2209",104.43,104.4,104.43
2022-07-08,92358000,33838000,"ICEU","B2209",104.4,104.38,104.41
2022-07-08,92359000,33839000,"ICEU","B2209",104.4,104.38,104.41
2022-07-08,92400000,33840000,"ICEU","B2209",104.4,104.36,104.39
2022-07-08,92401000,33841000,"ICEU","B2209",104.4,104.36,104.39
2022-07-08,92402000,33842000,"ICEU","B2209",104.4,104.31,104.34
2022-07-08,92403000,33843000,"ICEU","B2209",104.32,104.32,104.34
2022-07-08,92404000,33844000,"ICEU","B2209",104.32,104.32,104.35
2022-07-08,92405000,33845000,"ICEU","B2209",104.32,104.32,104.35
2022-07-08,92406000,33846000,"ICEU","B2209",104.32,104.31,104.34
2022-07-08,92407000,33847000,"ICEU","B2209",104.34,104.31,104.34
2022-07-08,92408000,33848000,"ICEU","B2209",104.34,104.31,104.33
2022-07-08,92409000,33849000,"ICEU","B2209",104.34,104.31,104.33
2022-07-08,92410000,33850000,"ICEU","B2209",104.34,104.3,104.33
2022-07-08,92411000,33851000,"ICEU","B2209",104.31,104.3,104.33
2022-07-08,92412000,33852000,"ICEU","B2209",104.31,104.3,104.33
2022-07-08,92413000,33853000,"ICEU","B2209",104.31,104.3,104.33
2022-07-08,92414000,33854000,"ICEU","B2209",104.31,104.3,104.32
2022-07-08,92415000,33855000,"ICEU","B2209",104.31,104.29,104.32
2022-07-08,92416000,33856000,"ICEU","B2209",104.31,104.29,104.32
2022-07-08,92417000,33857000,"ICEU","B2209",104.31,104.29,104.32
2022-07-08,92418000,33858000,"ICEU","B2209",104.31,104.29,104.31
2022-07-08,92419000,33859000,"ICEU","B2209",104.31,104.28,104.31
2022-07-08,92421000,33861000,"ICEU","B2209",104.31,104.28,104.3
2022-07-08,92422000,33862000,"ICEU","B2209",104.31,104.28,104.3
2022-07-08,92424000,33864000,"ICEU","B2209",104.31,104.28,104.3
2022-07-08,92425000,33865000,"ICEU","B2209",104.31,104.28,104.3
2022-07-08,92426000,33866000,"ICEU","B2209",104.31,104.28,104.3
2022-07-08,92427000,33867000,"ICEU","B2209",104.3,104.29,104.32
2022-07-08,92429000,33869000,"ICEU","B2209",104.3,104.29,104.32
2022-07-08,92430000,33870000,"ICEU","B2209",104.3,104.29,104.32
2022-07-08,92431000,33871000,"ICEU","B2209",104.3,104.3,104.32
2022-07-08,92432000,33872000,"ICEU","B2209",104.3,104.3,104.32
2022-07-08,92433000,33873000,"ICEU","B2209",104.32,104.31,104.34
2022-07-08,92434000,33874000,"ICEU","B2209",104.32,104.32,104.34
2022-07-08,92435000,33875000,"ICEU","B2209",104.34,104.33,104.36
2022-07-08,92436000,33876000,"ICEU","B2209",104.34,104.33,104.35
2022-07-08,92437000,33877000,"ICEU","B2209",104.32,104.3,104.33
2022-07-08,92438000,33878000,"ICEU","B2209",104.32,104.31,104.34
2022-07-08,92439000,33879000,"ICEU","B2209",104.32,104.32,104.34
2022-07-08,92440000,33880000,"ICEU","B2209",104.32,104.3,104.33
2022-07-08,92441000,33881000,"ICEU","B2209",104.32,104.31,104.34
2022-07-08,92445000,33885000,"ICEU","B2209",104.32,104.31,104.34
2022-07-08,92446000,33886000,"ICEU","B2209",104.32,104.34,104.37
2022-07-08,92447000,33887000,"ICEU","B2209",104.32,104.34,104.37
2022-07-08,92448000,33888000,"ICEU","B2209",104.32,104.35,104.37
2022-07-08,92449000,33889000,"ICEU","B2209",104.32,104.35,104.37
2022-07-08,92450000,33890000,"ICEU","B2209",104.37,104.35,104.37
2022-07-08,92451000,33891000,"ICEU","B2209",104.37,104.35,104.37
2022-07-08,92452000,33892000,"ICEU","B2209",104.37,104.35,104.38
2022-07-08,92453000,33893000,"ICEU","B2209",104.37,104.35,104.37
2022-07-08,92454000,33894000,"ICEU","B2209",104.37,104.35,104.37
2022-07-08,92457000,33897000,"ICEU","B2209",104.37,104.35,104.36
2022-07-08,92500000,33900000,"ICEU","B2209",104.37,104.34,104.36
2022-07-08,92501000,33901000,"ICEU","B2209",104.37,104.35,104.38
2022-07-08,92504000,33904000,"ICEU","B2209",104.37,104.37,104.39
2022-07-08,92505000,33905000,"ICEU","B2209",104.37,104.37,104.39
2022-07-08,92506000,33906000,"ICEU","B2209",104.37,104.38,104.39
2022-07-08,92507000,33907000,"ICEU","B2209",104.38,104.35,104.38
2022-07-08,92508000,33908000,"ICEU","B2209",104.38,104.37,104.39
2022-07-08,92509000,33909000,"ICEU","B2209",104.38,104.37,104.39
2022-07-08,92510000,33910000,"ICEU","B2209",104.38,104.35,104.39
2022-07-08,92512000,33912000,"ICEU","B2209",104.39,104.4,104.42
2022-07-08,92513000,33913000,"ICEU","B2209",104.39,104.39,104.42
2022-07-08,92514000,33914000,"ICEU","B2209",104.39,104.38,104.41
2022-07-08,92515000,33915000,"ICEU","B2209",104.39,104.38,104.41
2022-07-08,92516000,33916000,"ICEU","B2209",104.39,104.39,104.42
2022-07-08,92517000,33917000,"ICEU","B2209",104.39,104.39,104.42
2022-07-08,92518000,33918000,"ICEU","B2209",104.39,104.37,104.4
2022-07-08,92519000,33919000,"ICEU","B2209",104.39,104.37,104.4
2022-07-08,92520000,33920000,"ICEU","B2209",104.39,104.38,104.41
2022-07-08,92521000,33921000,"ICEU","B2209",104.39,104.38,104.41
2022-07-08,92522000,33922000,"ICEU","B2209",104.39,104.36,104.39
2022-07-08,92523000,33923000,"ICEU","B2209",104.39,104.36,104.39
2022-07-08,92524000,33924000,"ICEU","B2209",104.39,104.38,104.4
2022-07-08,92525000,33925000,"ICEU","B2209",104.39,104.36,104.39
2022-07-08,92526000,33926000,"ICEU","B2209",104.39,104.37,104.4
2022-07-08,92527000,33927000,"ICEU","B2209",104.39,104.38,104.41
2022-07-08,92529000,33929000,"ICEU","B2209",104.39,104.38,104.41
2022-07-08,92530000,33930000,"ICEU","B2209",104.39,104.38,104.41
2022-07-08,92531000,33931000,"ICEU","B2209",104.39,104.38,104.41
2022-07-08,92533000,33933000,"ICEU","B2209",104.39,104.38,104.41
2022-07-08,92534000,33934000,"ICEU","B2209",104.39,104.38,104.41
2022-07-08,92535000,33935000,"ICEU","B2209",104.39,104.38,104.41
2022-07-08,92536000,33936000,"ICEU","B2209",104.39,104.35,104.38
2022-07-08,92537000,33937000,"ICEU","B2209",104.39,104.34,104.37
2022-07-08,92538000,33938000,"ICEU","B2209",104.39,104.35,104.38
2022-07-08,92539000,33939000,"ICEU","B2209",104.39,104.34,104.37
2022-07-08,92540000,33940000,"ICEU","B2209",104.39,104.33,104.36
2022-07-08,92541000,33941000,"ICEU","B2209",104.39,104.33,104.36
2022-07-08,92542000,33942000,"ICEU","B2209",104.39,104.33,104.36
2022-07-08,92543000,33943000,"ICEU","B2209",104.39,104.33,104.36
2022-07-08,92544000,33944000,"ICEU","B2209",104.39,104.33,104.36
2022-07-08,92546000,33946000,"ICEU","B2209",104.39,104.33,104.36
2022-07-08,92547000,33947000,"ICEU","B2209",104.39,104.33,104.37
2022-07-08,92548000,33948000,"ICEU","B2209",104.39,104.33,104.34
2022-07-08,92549000,33949000,"ICEU","B2209",104.39,104.3,104.33
2022-07-08,92551000,33951000,"ICEU","B2209",104.39,104.3,104.33
2022-07-08,92553000,33953000,"ICEU","B2209",104.39,104.3,104.33
2022-07-08,92554000,33954000,"ICEU","B2209",104.39,104.3,104.33
2022-07-08,92555000,33955000,"ICEU","B2209",104.39,104.31,104.34
2022-07-08,92557000,33957000,"ICEU","B2209",104.39,104.31,104.34
2022-07-08,92558000,33958000,"ICEU","B2209",104.39,104.31,104.33
2022-07-08,92559000,33959000,"ICEU","B2209",104.39,104.3,104.32
2022-07-08,92600000,33960000,"ICEU","B2209",104.39,104.3,104.32
2022-07-08,92602000,33962000,"ICEU","B2209",104.39,104.29,104.32
2022-07-08,92603000,33963000,"ICEU","B2209",104.39,104.29,104.31
2022-07-08,92604000,33964000,"ICEU","B2209",104.39,104.29,104.31
2022-07-08,92606000,33966000,"ICEU","B2209",104.32,104.31,104.34
2022-07-08,92607000,33967000,"ICEU","B2209",104.32,104.32,104.35
2022-07-08,92609000,33969000,"ICEU","B2209",104.32,104.33,104.36
2022-07-08,92610000,33970000,"ICEU","B2209",104.32,104.34,104.37
2022-07-08,92611000,33971000,"ICEU","B2209",104.32,104.37,104.39
2022-07-08,92613000,33973000,"ICEU","B2209",104.32,104.36,104.38
2022-07-08,92614000,33974000,"ICEU","B2209",104.32,104.35,104.38
2022-07-08,92615000,33975000,"ICEU","B2209",104.32,104.35,104.38
2022-07-08,92616000,33976000,"ICEU","B2209",104.32,104.36,104.39
2022-07-08,92617000,33977000,"ICEU","B2209",104.32,104.37,104.4
2022-07-08,92618000,33978000,"ICEU","B2209",104.32,104.36,104.39
2022-07-08,92620000,33980000,"ICEU","B2209",104.32,104.36,104.39
2022-07-08,92621000,33981000,"ICEU","B2209",104.32,104.36,104.39
2022-07-08,92622000,33982000,"ICEU","B2209",104.32,104.36,104.39
2022-07-08,92623000,33983000,"ICEU","B2209",104.32,104.36,104.39
2022-07-08,92625000,33985000,"ICEU","B2209",104.32,104.36,104.39
2022-07-08,92626000,33986000,"ICEU","B2209",104.32,104.36,104.39
2022-07-08,92627000,33987000,"ICEU","B2209",104.32,104.35,104.37
2022-07-08,92628000,33988000,"ICEU","B2209",104.32,104.35,104.37
2022-07-08,92629000,33989000,"ICEU","B2209",104.32,104.33,104.36
2022-07-08,92630000,33990000,"ICEU","B2209",104.32,104.34,104.37
2022-07-08,92631000,33991000,"ICEU","B2209",104.33,104.33,104.36
2022-07-08,92632000,33992000,"ICEU","B2209",104.33,104.33,104.36
2022-07-08,92633000,33993000,"ICEU","B2209",104.33,104.33,104.36
2022-07-08,92634000,33994000,"ICEU","B2209",104.33,104.33,104.36
2022-07-08,92635000,33995000,"ICEU","B2209",104.36,104.34,104.37
2022-07-08,92636000,33996000,"ICEU","B2209",104.36,104.36,104.39
2022-07-08,92637000,33997000,"ICEU","B2209",104.36,104.36,104.39
2022-07-08,92638000,33998000,"ICEU","B2209",104.36,104.36,104.39
2022-07-08,92639000,33999000,"ICEU","B2209",104.36,104.35,104.38
2022-07-08,92640000,34000000,"ICEU","B2209",104.36,104.35,104.37
2022-07-08,92641000,34001000,"ICEU","B2209",104.35,104.34,104.37
2022-07-08,92642000,34002000,"ICEU","B2209",104.34,104.33,104.36
2022-07-08,92643000,34003000,"ICEU","B2209",104.34,104.33,104.36
2022-07-08,92646000,34006000,"ICEU","B2209",104.34,104.35,104.38
2022-07-08,92647000,34007000,"ICEU","B2209",104.34,104.35,104.38
2022-07-08,92648000,34008000,"ICEU","B2209",104.34,104.35,104.38
2022-07-08,92649000,34009000,"ICEU","B2209",104.34,104.35,104.38
2022-07-08,92650000,34010000,"ICEU","B2209",104.34,104.36,104.38
2022-07-08,92651000,34011000,"ICEU","B2209",104.34,104.36,104.38
2022-07-08,92652000,34012000,"ICEU","B2209",104.34,104.35,104.38
2022-07-08,92653000,34013000,"ICEU","B2209",104.34,104.34,104.37
2022-07-08,92654000,34014000,"ICEU","B2209",104.34,104.34,104.36
2022-07-08,92655000,34015000,"ICEU","B2209",104.34,104.34,104.37
2022-07-08,92657000,34017000,"ICEU","B2209",104.34,104.34,104.37
2022-07-08,92658000,34018000,"ICEU","B2209",104.34,104.33,104.36
2022-07-08,92659000,34019000,"ICEU","B2209",104.34,104.33,104.36
2022-07-08,92700000,34020000,"ICEU","B2209",104.34,104.32,104.35
2022-07-08,92701000,34021000,"ICEU","B2209",104.34,104.33,104.35
2022-07-08,92702000,34022000,"ICEU","B2209",104.34,104.31,104.33
2022-07-08,92703000,34023000,"ICEU","B2209",104.31,104.28,104.31
2022-07-08,92704000,34024000,"ICEU","B2209",104.31,104.28,104.31
2022-07-08,92705000,34025000,"ICEU","B2209",104.31,104.3,104.33
2022-07-08,92706000,34026000,"ICEU","B2209",104.31,104.3,104.33
2022-07-08,92707000,34027000,"ICEU","B2209",104.31,104.31,104.33
2022-07-08,92708000,34028000,"ICEU","B2209",104.31,104.3,104.33
2022-07-08,92709000,34029000,"ICEU","B2209",104.31,104.32,104.34
2022-07-08,92710000,34030000,"ICEU","B2209",104.31,104.32,104.34
2022-07-08,92711000,34031000,"ICEU","B2209",104.31,104.32,104.34
2022-07-08,92712000,34032000,"ICEU","B2209",104.31,104.32,104.34
2022-07-08,92713000,34033000,"ICEU","B2209",104.34,104.37,104.39
2022-07-08,92714000,34034000,"ICEU","B2209",104.4,104.39,104.42
2022-07-08,92715000,34035000,"ICEU","B2209",104.4,104.38,104.4
2022-07-08,92716000,34036000,"ICEU","B2209",104.4,104.4,104.43
2022-07-08,92717000,34037000,"ICEU","B2209",104.4,104.39,104.42
2022-07-08,92718000,34038000,"ICEU","B2209",104.4,104.38,104.41
2022-07-08,92720000,34040000,"ICEU","B2209",104.4,104.39,104.42
2022-07-08,92721000,34041000,"ICEU","B2209",104.4,104.4,104.43
2022-07-08,92723000,34043000,"ICEU","B2209",104.4,104.41,104.43
2022-07-08,92724000,34044000,"ICEU","B2209",104.38,104.38,104.41
2022-07-08,92726000,34046000,"ICEU","B2209",104.38,104.38,104.4
2022-07-08,92727000,34047000,"ICEU","B2209",104.38,104.4,104.43
2022-07-08,92728000,34048000,"ICEU","B2209",104.38,104.38,104.41
2022-07-08,92729000,34049000,"ICEU","B2209",104.38,104.35,104.37
2022-07-08,92730000,34050000,"ICEU","B2209",104.38,104.35,104.37
2022-07-08,92731000,34051000,"ICEU","B2209",104.38,104.35,104.38
2022-07-08,92732000,34052000,"ICEU","B2209",104.38,104.35,104.38
2022-07-08,92734000,34054000,"ICEU","B2209",104.38,104.35,104.38
2022-07-08,92735000,34055000,"ICEU","B2209",104.38,104.37,104.39
2022-07-08,92736000,34056000,"ICEU","B2209",104.35,104.35,104.38
2022-07-08,92737000,34057000,"ICEU","B2209",104.35,104.35,104.38
2022-07-08,92739000,34059000,"ICEU","B2209",104.35,104.35,104.38
2022-07-08,92740000,34060000,"ICEU","B2209",104.38,104.36,104.39
2022-07-08,92741000,34061000,"ICEU","B2209",104.38,104.36,104.39
2022-07-08,92742000,34062000,"ICEU","B2209",104.38,104.35,104.38
2022-07-08,92744000,34064000,"ICEU","B2209",104.38,104.35,104.37
2022-07-08,92745000,34065000,"ICEU","B2209",104.38,104.35,104.38
2022-07-08,92746000,34066000,"ICEU","B2209",104.38,104.35,104.38
2022-07-08,92747000,34067000,"ICEU","B2209",104.38,104.35,104.38
2022-07-08,92748000,34068000,"ICEU","B2209",104.38,104.35,104.38
2022-07-08,92749000,34069000,"ICEU","B2209",104.38,104.36,104.38
2022-07-08,92751000,34071000,"ICEU","B2209",104.38,104.39,104.4
2022-07-08,92752000,34072000,"ICEU","B2209",104.4,104.36,104.39
2022-07-08,92753000,34073000,"ICEU","B2209",104.4,104.36,104.39
2022-07-08,92754000,34074000,"ICEU","B2209",104.4,104.38,104.4
2022-07-08,92755000,34075000,"ICEU","B2209",104.39,104.37,104.39
2022-07-08,92756000,34076000,"ICEU","B2209",104.34,104.35,104.38
2022-07-08,92757000,34077000,"ICEU","B2209",104.34,104.35,104.38
2022-07-08,92758000,34078000,"ICEU","B2209",104.39,104.39,104.42
2022-07-08,92759000,34079000,"ICEU","B2209",104.4,104.38,104.41
2022-07-08,92800000,34080000,"ICEU","B2209",104.4,104.38,104.41
2022-07-08,92801000,34081000,"ICEU","B2209",104.4,104.37,104.4
2022-07-08,92802000,34082000,"ICEU","B2209",104.38,104.37,104.4
2022-07-08,92803000,34083000,"ICEU","B2209",104.38,104.37,104.39
2022-07-08,92804000,34084000,"ICEU","B2209",104.38,104.37,104.39
2022-07-08,92805000,34085000,"ICEU","B2209",104.38,104.37,104.39
2022-07-08,92808000,34088000,"ICEU","B2209",104.38,104.37,104.39
2022-07-08,92809000,34089000,"ICEU","B2209",104.38,104.37,104.4
2022-07-08,92810000,34090000,"ICEU","B2209",104.38,104.38,104.4
2022-07-08,92811000,34091000,"ICEU","B2209",104.38,104.38,104.41
2022-07-08,92814000,34094000,"ICEU","B2209",104.38,104.38,104.41
2022-07-08,92815000,34095000,"ICEU","B2209",104.38,104.37,104.4
2022-07-08,92816000,34096000,"ICEU","B2209",104.38,104.37,104.39
2022-07-08,92817000,34097000,"ICEU","B2209",104.44,104.43,104.46
2022-07-08,92818000,34098000,"ICEU","B2209",104.45,104.43,104.46
2022-07-08,92819000,34099000,"ICEU","B2209",104.43,104.4,104.43
2022-07-08,92820000,34100000,"ICEU","B2209",104.43,104.39,104.42
2022-07-08,92821000,34101000,"ICEU","B2209",104.43,104.39,104.42
2022-07-08,92823000,34103000,"ICEU","B2209",104.43,104.4,104.43
2022-07-08,92824000,34104000,"ICEU","B2209",104.43,104.42,104.46
2022-07-08,92825000,34105000,"ICEU","B2209",104.43,104.45,104.48
2022-07-08,92826000,34106000,"ICEU","B2209",104.43,104.44,104.47
2022-07-08,92827000,34107000,"ICEU","B2209",104.43,104.43,104.46
2022-07-08,92828000,34108000,"ICEU","B2209",104.43,104.43,104.45
2022-07-08,92829000,34109000,"ICEU","B2209",104.43,104.42,104.45
2022-07-08,92830000,34110000,"ICEU","B2209",104.43,104.44,104.47
2022-07-08,92831000,34111000,"ICEU","B2209",104.43,104.44,104.47
2022-07-08,92832000,34112000,"ICEU","B2209",104.43,104.43,104.46
2022-07-08,92833000,34113000,"ICEU","B2209",104.43,104.44,104.47
2022-07-08,92834000,34114000,"ICEU","B2209",104.43,104.43,104.45
2022-07-08,92836000,34116000,"ICEU","B2209",104.43,104.43,104.45
2022-07-08,92837000,34117000,"ICEU","B2209",104.43,104.43,104.46
2022-07-08,92839000,34119000,"ICEU","B2209",104.43,104.43,104.46
2022-07-08,92840000,34120000,"ICEU","B2209",104.43,104.43,104.46
2022-07-08,92841000,34121000,"ICEU","B2209",104.43,104.43,104.46
2022-07-08,92842000,34122000,"ICEU","B2209",104.43,104.41,104.44
2022-07-08,92843000,34123000,"ICEU","B2209",104.43,104.41,104.43
2022-07-08,92844000,34124000,"ICEU","B2209",104.43,104.39,104.42
2022-07-08,92845000,34125000,"ICEU","B2209",104.43,104.38,104.42
2022-07-08,92846000,34126000,"ICEU","B2209",104.43,104.38,104.4
2022-07-08,92847000,34127000,"ICEU","B2209",104.43,104.37,104.39
2022-07-08,92848000,34128000,"ICEU","B2209",104.43,104.37,104.39
2022-07-08,92849000,34129000,"ICEU","B2209",104.37,104.36,104.39
2022-07-08,92850000,34130000,"ICEU","B2209",104.37,104.38,104.41
2022-07-08,92851000,34131000,"ICEU","B2209",104.37,104.38,104.41
2022-07-08,92852000,34132000,"ICEU","B2209",104.37,104.36,104.39
2022-07-08,92853000,34133000,"ICEU","B2209",104.37,104.36,104.39
2022-07-08,92854000,34134000,"ICEU","B2209",104.37,104.35,104.38
2022-07-08,92855000,34135000,"ICEU","B2209",104.37,104.35,104.38
2022-07-08,92856000,34136000,"ICEU","B2209",104.38,104.36,104.39
2022-07-08,92859000,34139000,"ICEU","B2209",104.38,104.35,104.37
2022-07-08,92900000,34140000,"ICEU","B2209",104.38,104.32,104.35
2022-07-08,92901000,34141000,"ICEU","B2209",104.38,104.32,104.35
2022-07-08,92902000,34142000,"ICEU","B2209",104.38,104.33,104.36
2022-07-08,92903000,34143000,"ICEU","B2209",104.38,104.34,104.37
2022-07-08,92904000,34144000,"ICEU","B2209",104.38,104.34,104.37
2022-07-08,92906000,34146000,"ICEU","B2209",104.38,104.33,104.35
2022-07-08,92908000,34148000,"ICEU","B2209",104.38,104.33,104.35
2022-07-08,92909000,34149000,"ICEU","B2209",104.33,104.32,104.34
2022-07-08,92910000,34150000,"ICEU","B2209",104.33,104.32,104.34
2022-07-08,92911000,34151000,"ICEU","B2209",104.33,104.32,104.35
2022-07-08,92912000,34152000,"ICEU","B2209",104.33,104.32,104.33
2022-07-08,92915000,34155000,"ICEU","B2209",104.33,104.31,104.33
2022-07-08,92916000,34156000,"ICEU","B2209",104.33,104.31,104.34
2022-07-08,92917000,34157000,"ICEU","B2209",104.33,104.31,104.34
2022-07-08,92918000,34158000,"ICEU","B2209",104.33,104.31,104.34
2022-07-08,92919000,34159000,"ICEU","B2209",104.33,104.31,104.34
2022-07-08,92921000,34161000,"ICEU","B2209",104.33,104.31,104.34
2022-07-08,92924000,34164000,"ICEU","B2209",104.33,104.31,104.34
2022-07-08,92925000,34165000,"ICEU","B2209",104.33,104.32,104.35
2022-07-08,92926000,34166000,"ICEU","B2209",104.33,104.31,104.35
2022-07-08,92927000,34167000,"ICEU","B2209",104.33,104.31,104.35
2022-07-08,92928000,34168000,"ICEU","B2209",104.33,104.28,104.3
2022-07-08,92929000,34169000,"ICEU","B2209",104.28,104.26,104.29
2022-07-08,92930000,34170000,"ICEU","B2209",104.28,104.27,104.3
2022-07-08,92931000,34171000,"ICEU","B2209",104.27,104.25,104.28
2022-07-08,92932000,34172000,"ICEU","B2209",104.27,104.25,104.28
2022-07-08,92933000,34173000,"ICEU","B2209",104.28,104.27,104.3
2022-07-08,92934000,34174000,"ICEU","B2209",104.27,104.27,104.3
2022-07-08,92935000,34175000,"ICEU","B2209",104.27,104.28,104.3
2022-07-08,92936000,34176000,"ICEU","B2209",104.27,104.27,104.3
2022-07-08,92937000,34177000,"ICEU","B2209",104.27,104.27,104.3
2022-07-08,92938000,34178000,"ICEU","B2209",104.27,104.28,104.3
2022-07-08,92939000,34179000,"ICEU","B2209",104.27,104.27,104.3
2022-07-08,92940000,34180000,"ICEU","B2209",104.27,104.28,104.3
2022-07-08,92941000,34181000,"ICEU","B2209",104.27,104.27,104.29
2022-07-08,92942000,34182000,"ICEU","B2209",104.29,104.27,104.3
2022-07-08,92943000,34183000,"ICEU","B2209",104.25,104.23,104.26
2022-07-08,92944000,34184000,"ICEU","B2209",104.26,104.25,104.28
2022-07-08,92945000,34185000,"ICEU","B2209",104.26,104.25,104.28
2022-07-08,92946000,34186000,"ICEU","B2209",104.26,104.25,104.28
2022-07-08,92947000,34187000,"ICEU","B2209",104.26,104.25,104.28
2022-07-08,92948000,34188000,"ICEU","B2209",104.26,104.25,104.28
2022-07-08,92949000,34189000,"ICEU","B2209",104.26,104.23,104.26
2022-07-08,92950000,34190000,"ICEU","B2209",104.26,104.23,104.26
2022-07-08,92951000,34191000,"ICEU","B2209",104.26,104.23,104.26
2022-07-08,92952000,34192000,"ICEU","B2209",104.26,104.24,104.26
2022-07-08,92953000,34193000,"ICEU","B2209",104.26,104.24,104.26
2022-07-08,92954000,34194000,"ICEU","B2209",104.24,104.23,104.26
2022-07-08,92955000,34195000,"ICEU","B2209",104.24,104.24,104.26
2022-07-08,92956000,34196000,"ICEU","B2209",104.26,104.26,104.28
2022-07-08,92957000,34197000,"ICEU","B2209",104.26,104.25,104.27
2022-07-08,92958000,34198000,"ICEU","B2209",104.26,104.25,104.27
2022-07-08,92959000,34199000,"ICEU","B2209",104.26,104.26,104.28
2022-07-08,9.3e+07,34200000,"ICEU","B2209",104.3,104.3,104.33
2022-07-08,93001000,34201000,"ICEU","B2209",104.32,104.29,104.32
2022-07-08,93002000,34202000,"ICEU","B2209",104.32,104.29,104.32
2022-07-08,93003000,34203000,"ICEU","B2209",104.3,104.29,104.31
2022-07-08,93004000,34204000,"ICEU","B2209",104.33,104.34,104.37
2022-07-08,93005000,34205000,"ICEU","B2209",104.33,104.36,104.39
2022-07-08,93006000,34206000,"ICEU","B2209",104.33,104.3,104.33
2022-07-08,93007000,34207000,"ICEU","B2209",104.3,104.29,104.31
2022-07-08,93008000,34208000,"ICEU","B2209",104.3,104.28,104.31
2022-07-08,93009000,34209000,"ICEU","B2209",104.3,104.28,104.31
2022-07-08,93010000,34210000,"ICEU","B2209",104.3,104.29,104.32
2022-07-08,93011000,34211000,"ICEU","B2209",104.3,104.29,104.32
2022-07-08,93012000,34212000,"ICEU","B2209",104.3,104.28,104.31
2022-07-08,93013000,34213000,"ICEU","B2209",104.3,104.29,104.31
2022-07-08,93014000,34214000,"ICEU","B2209",104.29,104.27,104.3
2022-07-08,93015000,34215000,"ICEU","B2209",104.3,104.28,104.31
2022-07-08,93016000,34216000,"ICEU","B2209",104.28,104.28,104.31
2022-07-08,93017000,34217000,"ICEU","B2209",104.28,104.29,104.32
2022-07-08,93018000,34218000,"ICEU","B2209",104.28,104.28,104.3
2022-07-08,93019000,34219000,"ICEU","B2209",104.27,104.25,104.28
2022-07-08,93020000,34220000,"ICEU","B2209",104.27,104.26,104.29
2022-07-08,93021000,34221000,"ICEU","B2209",104.27,104.24,104.27
2022-07-08,93022000,34222000,"ICEU","B2209",104.27,104.24,104.27
2022-07-08,93023000,34223000,"ICEU","B2209",104.29,104.27,104.3
2022-07-08,93024000,34224000,"ICEU","B2209",104.29,104.28,104.31
2022-07-08,93025000,34225000,"ICEU","B2209",104.29,104.28,104.31
2022-07-08,93026000,34226000,"ICEU","B2209",104.29,104.28,104.31
2022-07-08,93027000,34227000,"ICEU","B2209",104.29,104.28,104.31
2022-07-08,93028000,34228000,"ICEU","B2209",104.26,104.27,104.3
2022-07-08,93029000,34229000,"ICEU","B2209",104.26,104.29,104.32
2022-07-08,93030000,34230000,"ICEU","B2209",104.26,104.29,104.31
2022-07-08,93031000,34231000,"ICEU","B2209",104.26,104.27,104.3
2022-07-08,93032000,34232000,"ICEU","B2209",104.26,104.27,104.3
2022-07-08,93034000,34234000,"ICEU","B2209",104.26,104.28,104.31
2022-07-08,93035000,34235000,"ICEU","B2209",104.26,104.28,104.31
2022-07-08,93036000,34236000,"ICEU","B2209",104.26,104.29,104.31
2022-07-08,93037000,34237000,"ICEU","B2209",104.31,104.31,104.33
2022-07-08,93038000,34238000,"ICEU","B2209",104.31,104.3,104.33
2022-07-08,93039000,34239000,"ICEU","B2209",104.31,104.3,104.33
2022-07-08,93040000,34240000,"ICEU","B2209",104.31,104.31,104.33
2022-07-08,93041000,34241000,"ICEU","B2209",104.31,104.3,104.33
2022-07-08,93042000,34242000,"ICEU","B2209",104.3,104.31,104.34
2022-07-08,93043000,34243000,"ICEU","B2209",104.3,104.31,104.33
2022-07-08,93044000,34244000,"ICEU","B2209",104.3,104.31,104.33
2022-07-08,93045000,34245000,"ICEU","B2209",104.3,104.31,104.34
2022-07-08,93046000,34246000,"ICEU","B2209",104.3,104.31,104.34
2022-07-08,93048000,34248000,"ICEU","B2209",104.3,104.3,104.33
2022-07-08,93049000,34249000,"ICEU","B2209",104.3,104.3,104.33
2022-07-08,93050000,34250000,"ICEU","B2209",104.3,104.31,104.35
2022-07-08,93051000,34251000,"ICEU","B2209",104.3,104.31,104.34
2022-07-08,93052000,34252000,"ICEU","B2209",104.3,104.31,104.35
2022-07-08,93053000,34253000,"ICEU","B2209",104.34,104.32,104.35
2022-07-08,93054000,34254000,"ICEU","B2209",104.34,104.32,104.35
2022-07-08,93055000,34255000,"ICEU","B2209",104.34,104.32,104.35
2022-07-08,93056000,34256000,"ICEU","B2209",104.34,104.32,104.35
2022-07-08,93057000,34257000,"ICEU","B2209",104.34,104.32,104.35
2022-07-08,93058000,34258000,"ICEU","B2209",104.34,104.31,104.34
2022-07-08,93059000,34259000,"ICEU","B2209",104.34,104.3,104.33
2022-07-08,93100000,34260000,"ICEU","B2209",104.33,104.3,104.33
2022-07-08,93101000,34261000,"ICEU","B2209",104.33,104.3,104.33
2022-07-08,93102000,34262000,"ICEU","B2209",104.33,104.31,104.34
2022-07-08,93103000,34263000,"ICEU","B2209",104.33,104.31,104.35
2022-07-08,93105000,34265000,"ICEU","B2209",104.33,104.31,104.35
2022-07-08,93106000,34266000,"ICEU","B2209",104.33,104.31,104.34
2022-07-08,93107000,34267000,"ICEU","B2209",104.33,104.31,104.34
2022-07-08,93108000,34268000,"ICEU","B2209",104.33,104.31,104.34
2022-07-08,93109000,34269000,"ICEU","B2209",104.33,104.31,104.34
2022-07-08,93110000,34270000,"ICEU","B2209",104.33,104.28,104.31
2022-07-08,93111000,34271000,"ICEU","B2209",104.33,104.28,104.31
2022-07-08,93112000,34272000,"ICEU","B2209",104.33,104.28,104.3
2022-07-08,93113000,34273000,"ICEU","B2209",104.33,104.28,104.3
2022-07-08,93114000,34274000,"ICEU","B2209",104.33,104.28,104.3
2022-07-08,93116000,34276000,"ICEU","B2209",104.33,104.28,104.3
2022-07-08,93117000,34277000,"ICEU","B2209",104.33,104.28,104.3
2022-07-08,93119000,34279000,"ICEU","B2209",104.31,104.31,104.34
2022-07-08,93120000,34280000,"ICEU","B2209",104.34,104.32,104.35
2022-07-08,93121000,34281000,"ICEU","B2209",104.34,104.32,104.34
2022-07-08,93122000,34282000,"ICEU","B2209",104.34,104.32,104.35
2022-07-08,93123000,34283000,"ICEU","B2209",104.32,104.3,104.33
2022-07-08,93124000,34284000,"ICEU","B2209",104.31,104.28,104.31
2022-07-08,93125000,34285000,"ICEU","B2209",104.29,104.27,104.3
2022-07-08,93126000,34286000,"ICEU","B2209",104.29,104.27,104.3
2022-07-08,93127000,34287000,"ICEU","B2209",104.29,104.27,104.3
2022-07-08,93128000,34288000,"ICEU","B2209",104.29,104.25,104.28
2022-07-08,93129000,34289000,"ICEU","B2209",104.29,104.25,104.28
2022-07-08,93130000,34290000,"ICEU","B2209",104.29,104.25,104.28
2022-07-08,93131000,34291000,"ICEU","B2209",104.29,104.25,104.28
2022-07-08,93132000,34292000,"ICEU","B2209",104.29,104.25,104.27
2022-07-08,93133000,34293000,"ICEU","B2209",104.29,104.23,104.26
2022-07-08,93134000,34294000,"ICEU","B2209",104.29,104.23,104.26
2022-07-08,93135000,34295000,"ICEU","B2209",104.29,104.23,104.26
2022-07-08,93136000,34296000,"ICEU","B2209",104.29,104.23,104.26
2022-07-08,93137000,34297000,"ICEU","B2209",104.29,104.23,104.25
2022-07-08,93138000,34298000,"ICEU","B2209",104.29,104.22,104.25
2022-07-08,93139000,34299000,"ICEU","B2209",104.29,104.22,104.25
2022-07-08,93140000,34300000,"ICEU","B2209",104.29,104.22,104.25
2022-07-08,93143000,34303000,"ICEU","B2209",104.29,104.22,104.25
2022-07-08,93144000,34304000,"ICEU","B2209",104.29,104.22,104.24
2022-07-08,93145000,34305000,"ICEU","B2209",104.29,104.21,104.24
2022-07-08,93146000,34306000,"ICEU","B2209",104.29,104.22,104.24
2022-07-08,93147000,34307000,"ICEU","B2209",104.23,104.22,104.24
2022-07-08,93148000,34308000,"ICEU","B2209",104.23,104.2,104.23
2022-07-08,93149000,34309000,"ICEU","B2209",104.23,104.2,104.23
2022-07-08,93151000,34311000,"ICEU","B2209",104.2,104.2,104.23
2022-07-08,93152000,34312000,"ICEU","B2209",104.2,104.2,104.23
2022-07-08,93153000,34313000,"ICEU","B2209",104.2,104.2,104.23
2022-07-08,93154000,34314000,"ICEU","B2209",104.2,104.19,104.22
2022-07-08,93155000,34315000,"ICEU","B2209",104.2,104.18,104.21
2022-07-08,93156000,34316000,"ICEU","B2209",104.2,104.18,104.21
2022-07-08,93157000,34317000,"ICEU","B2209",104.2,104.18,104.21
2022-07-08,93158000,34318000,"ICEU","B2209",104.2,104.18,104.21
2022-07-08,93159000,34319000,"ICEU","B2209",104.19,104.18,104.21
2022-07-08,93200000,34320000,"ICEU","B2209",104.19,104.17,104.2
2022-07-08,93201000,34321000,"ICEU","B2209",104.19,104.18,104.2
2022-07-08,93202000,34322000,"ICEU","B2209",104.19,104.19,104.21
2022-07-08,93203000,34323000,"ICEU","B2209",104.19,104.19,104.21
2022-07-08,93204000,34324000,"ICEU","B2209",104.19,104.19,104.21
2022-07-08,93205000,34325000,"ICEU","B2209",104.19,104.19,104.21
2022-07-08,93206000,34326000,"ICEU","B2209",104.21,104.22,104.24
2022-07-08,93207000,34327000,"ICEU","B2209",104.22,104.19,104.22
2022-07-08,93208000,34328000,"ICEU","B2209",104.22,104.19,104.22
2022-07-08,93209000,34329000,"ICEU","B2209",104.22,104.19,104.22
2022-07-08,93210000,34330000,"ICEU","B2209",104.22,104.2,104.22
2022-07-08,93211000,34331000,"ICEU","B2209",104.22,104.19,104.22
2022-07-08,93212000,34332000,"ICEU","B2209",104.22,104.2,104.22
2022-07-08,93213000,34333000,"ICEU","B2209",104.22,104.2,104.22
2022-07-08,93214000,34334000,"ICEU","B2209",104.24,104.26,104.28
2022-07-08,93215000,34335000,"ICEU","B2209",104.27,104.26,104.29
2022-07-08,93216000,34336000,"ICEU","B2209",104.27,104.26,104.29
2022-07-08,93217000,34337000,"ICEU","B2209",104.26,104.23,104.26
2022-07-08,93218000,34338000,"ICEU","B2209",104.26,104.23,104.27
2022-07-08,93219000,34339000,"ICEU","B2209",104.26,104.24,104.27
2022-07-08,93220000,34340000,"ICEU","B2209",104.26,104.25,104.28
2022-07-08,93221000,34341000,"ICEU","B2209",104.26,104.26,104.29
2022-07-08,93222000,34342000,"ICEU","B2209",104.26,104.26,104.29
2022-07-08,93223000,34343000,"ICEU","B2209",104.26,104.26,104.29
2022-07-08,93225000,34345000,"ICEU","B2209",104.26,104.26,104.29
2022-07-08,93226000,34346000,"ICEU","B2209",104.26,104.25,104.27
2022-07-08,93227000,34347000,"ICEU","B2209",104.26,104.26,104.29
2022-07-08,93228000,34348000,"ICEU","B2209",104.26,104.26,104.29
2022-07-08,93230000,34350000,"ICEU","B2209",104.26,104.26,104.29
2022-07-08,93231000,34351000,"ICEU","B2209",104.26,104.27,104.3
2022-07-08,93232000,34352000,"ICEU","B2209",104.29,104.27,104.29
2022-07-08,93233000,34353000,"ICEU","B2209",104.29,104.29,104.32
2022-07-08,93234000,34354000,"ICEU","B2209",104.29,104.29,104.32
2022-07-08,93235000,34355000,"ICEU","B2209",104.33,104.31,104.34
2022-07-08,93236000,34356000,"ICEU","B2209",104.31,104.29,104.31
2022-07-08,93239000,34359000,"ICEU","B2209",104.31,104.29,104.31
2022-07-08,93241000,34361000,"ICEU","B2209",104.31,104.29,104.31
2022-07-08,93242000,34362000,"ICEU","B2209",104.31,104.29,104.32
2022-07-08,93246000,34366000,"ICEU","B2209",104.31,104.29,104.31
2022-07-08,93247000,34367000,"ICEU","B2209",104.31,104.29,104.32
2022-07-08,93248000,34368000,"ICEU","B2209",104.31,104.29,104.31
2022-07-08,93249000,34369000,"ICEU","B2209",104.31,104.28,104.31
2022-07-08,93250000,34370000,"ICEU","B2209",104.31,104.26,104.29
2022-07-08,93251000,34371000,"ICEU","B2209",104.31,104.27,104.3
2022-07-08,93252000,34372000,"ICEU","B2209",104.31,104.27,104.3
2022-07-08,93253000,34373000,"ICEU","B2209",104.31,104.26,104.28
2022-07-08,93255000,34375000,"ICEU","B2209",104.31,104.25,104.27
2022-07-08,93256000,34376000,"ICEU","B2209",104.31,104.25,104.27
2022-07-08,93257000,34377000,"ICEU","B2209",104.25,104.23,104.26
2022-07-08,93258000,34378000,"ICEU","B2209",104.25,104.23,104.25
2022-07-08,93259000,34379000,"ICEU","B2209",104.25,104.23,104.25
2022-07-08,93300000,34380000,"ICEU","B2209",104.25,104.24,104.26
2022-07-08,93302000,34382000,"ICEU","B2209",104.26,104.24,104.27
2022-07-08,93304000,34384000,"ICEU","B2209",104.26,104.29,104.31
2022-07-08,93305000,34385000,"ICEU","B2209",104.32,104.3,104.33
2022-07-08,93306000,34386000,"ICEU","B2209",104.34,104.32,104.35
2022-07-08,93307000,34387000,"ICEU","B2209",104.34,104.3,104.33
2022-07-08,93308000,34388000,"ICEU","B2209",104.34,104.31,104.34
2022-07-08,93309000,34389000,"ICEU","B2209",104.34,104.29,104.31
2022-07-08,93310000,34390000,"ICEU","B2209",104.34,104.27,104.3
2022-07-08,93311000,34391000,"ICEU","B2209",104.34,104.26,104.29
2022-07-08,93312000,34392000,"ICEU","B2209",104.26,104.23,104.26
2022-07-08,93313000,34393000,"ICEU","B2209",104.23,104.21,104.24
2022-07-08,93316000,34396000,"ICEU","B2209",104.23,104.22,104.25
2022-07-08,93318000,34398000,"ICEU","B2209",104.23,104.22,104.25
2022-07-08,93319000,34399000,"ICEU","B2209",104.23,104.21,104.24
2022-07-08,93321000,34401000,"ICEU","B2209",104.23,104.21,104.24
2022-07-08,93322000,34402000,"ICEU","B2209",104.23,104.21,104.24
2022-07-08,93323000,34403000,"ICEU","B2209",104.23,104.2,104.23
2022-07-08,93324000,34404000,"ICEU","B2209",104.23,104.21,104.24
2022-07-08,93325000,34405000,"ICEU","B2209",104.23,104.21,104.23
2022-07-08,93327000,34407000,"ICEU","B2209",104.23,104.21,104.23
2022-07-08,93329000,34409000,"ICEU","B2209",104.23,104.21,104.23
2022-07-08,93330000,34410000,"ICEU","B2209",104.23,104.21,104.23
2022-07-08,93331000,34411000,"ICEU","B2209",104.23,104.22,104.25
2022-07-08,93332000,34412000,"ICEU","B2209",104.23,104.23,104.26
2022-07-08,93335000,34415000,"ICEU","B2209",104.23,104.22,104.25
2022-07-08,93336000,34416000,"ICEU","B2209",104.23,104.19,104.22
2022-07-08,93337000,34417000,"ICEU","B2209",104.23,104.19,104.22
2022-07-08,93338000,34418000,"ICEU","B2209",104.23,104.2,104.22
2022-07-08,93339000,34419000,"ICEU","B2209",104.21,104.19,104.22
2022-07-08,93340000,34420000,"ICEU","B2209",104.21,104.19,104.22
2022-07-08,93342000,34422000,"ICEU","B2209",104.2,104.17,104.19
2022-07-08,93343000,34423000,"ICEU","B2209",104.2,104.17,104.2
2022-07-08,93344000,34424000,"ICEU","B2209",104.19,104.18,104.21
2022-07-08,93345000,34425000,"ICEU","B2209",104.19,104.18,104.21
2022-07-08,93346000,34426000,"ICEU","B2209",104.19,104.18,104.21
2022-07-08,93347000,34427000,"ICEU","B2209",104.19,104.18,104.21
2022-07-08,93348000,34428000,"ICEU","B2209",104.2,104.18,104.21
2022-07-08,93350000,34430000,"ICEU","B2209",104.2,104.19,104.21
2022-07-08,93351000,34431000,"ICEU","B2209",104.2,104.18,104.21
2022-07-08,93352000,34432000,"ICEU","B2209",104.2,104.18,104.21
2022-07-08,93353000,34433000,"ICEU","B2209",104.2,104.18,104.21
2022-07-08,93354000,34434000,"ICEU","B2209",104.2,104.17,104.2
2022-07-08,93355000,34435000,"ICEU","B2209",104.2,104.17,104.2
2022-07-08,93356000,34436000,"ICEU","B2209",104.2,104.17,104.2
2022-07-08,93358000,34438000,"ICEU","B2209",104.19,104.17,104.19
2022-07-08,93359000,34439000,"ICEU","B2209",104.19,104.17,104.19
2022-07-08,93400000,34440000,"ICEU","B2209",104.19,104.18,104.2
2022-07-08,93401000,34441000,"ICEU","B2209",104.19,104.17,104.2
2022-07-08,93402000,34442000,"ICEU","B2209",104.19,104.17,104.2
2022-07-08,93403000,34443000,"ICEU","B2209",104.14,104.14,104.16
2022-07-08,93404000,34444000,"ICEU","B2209",104.13,104.12,104.15
2022-07-08,93405000,34445000,"ICEU","B2209",104.14,104.14,104.16
2022-07-08,93406000,34446000,"ICEU","B2209",104.14,104.13,104.15
2022-07-08,93407000,34447000,"ICEU","B2209",104.14,104.12,104.15
2022-07-08,93408000,34448000,"ICEU","B2209",104.14,104.12,104.14
2022-07-08,93409000,34449000,"ICEU","B2209",104.16,104.15,104.16
2022-07-08,93410000,34450000,"ICEU","B2209",104.17,104.15,104.18
2022-07-08,93411000,34451000,"ICEU","B2209",104.17,104.17,104.2
2022-07-08,93412000,34452000,"ICEU","B2209",104.2,104.18,104.21
2022-07-08,93413000,34453000,"ICEU","B2209",104.2,104.18,104.22
2022-07-08,93414000,34454000,"ICEU","B2209",104.2,104.2,104.23
2022-07-08,93415000,34455000,"ICEU","B2209",104.2,104.18,104.21
2022-07-08,93416000,34456000,"ICEU","B2209",104.2,104.18,104.21
2022-07-08,93417000,34457000,"ICEU","B2209",104.2,104.18,104.21
2022-07-08,93419000,34459000,"ICEU","B2209",104.19,104.18,104.21
2022-07-08,93420000,34460000,"ICEU","B2209",104.19,104.18,104.21
2022-07-08,93421000,34461000,"ICEU","B2209",104.19,104.16,104.19
2022-07-08,93422000,34462000,"ICEU","B2209",104.19,104.17,104.2
2022-07-08,93423000,34463000,"ICEU","B2209",104.19,104.18,104.21
2022-07-08,93424000,34464000,"ICEU","B2209",104.19,104.18,104.21
2022-07-08,93425000,34465000,"ICEU","B2209",104.19,104.16,104.19
2022-07-08,93426000,34466000,"ICEU","B2209",104.19,104.16,104.19
2022-07-08,93428000,34468000,"ICEU","B2209",104.19,104.19,104.22
2022-07-08,93429000,34469000,"ICEU","B2209",104.19,104.19,104.22
2022-07-08,93430000,34470000,"ICEU","B2209",104.19,104.19,104.22
2022-07-08,93431000,34471000,"ICEU","B2209",104.19,104.19,104.22
2022-07-08,93432000,34472000,"ICEU","B2209",104.19,104.2,104.23
2022-07-08,93433000,34473000,"ICEU","B2209",104.19,104.2,104.23
2022-07-08,93434000,34474000,"ICEU","B2209",104.19,104.2,104.23
2022-07-08,93435000,34475000,"ICEU","B2209",104.19,104.22,104.25
2022-07-08,93436000,34476000,"ICEU","B2209",104.19,104.22,104.25
2022-07-08,93437000,34477000,"ICEU","B2209",104.19,104.23,104.25
2022-07-08,93438000,34478000,"ICEU","B2209",104.19,104.22,104.25
2022-07-08,93439000,34479000,"ICEU","B2209",104.19,104.22,104.25
2022-07-08,93440000,34480000,"ICEU","B2209",104.19,104.23,104.26
2022-07-08,93441000,34481000,"ICEU","B2209",104.19,104.2,104.23
2022-07-08,93442000,34482000,"ICEU","B2209",104.19,104.19,104.22
2022-07-08,93443000,34483000,"ICEU","B2209",104.19,104.19,104.22
2022-07-08,93444000,34484000,"ICEU","B2209",104.19,104.2,104.23
2022-07-08,93445000,34485000,"ICEU","B2209",104.19,104.2,104.23
2022-07-08,93446000,34486000,"ICEU","B2209",104.19,104.19,104.22
2022-07-08,93447000,34487000,"ICEU","B2209",104.18,104.16,104.18
2022-07-08,93448000,34488000,"ICEU","B2209",104.18,104.16,104.19
2022-07-08,93449000,34489000,"ICEU","B2209",104.18,104.15,104.18
2022-07-08,93452000,34492000,"ICEU","B2209",104.16,104.16,104.19
2022-07-08,93453000,34493000,"ICEU","B2209",104.16,104.16,104.19
2022-07-08,93454000,34494000,"ICEU","B2209",104.16,104.16,104.19
2022-07-08,93455000,34495000,"ICEU","B2209",104.16,104.16,104.19
2022-07-08,93456000,34496000,"ICEU","B2209",104.16,104.16,104.19
2022-07-08,93457000,34497000,"ICEU","B2209",104.19,104.19,104.21
2022-07-08,93458000,34498000,"ICEU","B2209",104.19,104.18,104.21
2022-07-08,93459000,34499000,"ICEU","B2209",104.19,104.19,104.21
2022-07-08,93500000,34500000,"ICEU","B2209",104.19,104.17,104.2
2022-07-08,93501000,34501000,"ICEU","B2209",104.19,104.15,104.18
2022-07-08,93502000,34502000,"ICEU","B2209",104.19,104.16,104.18
2022-07-08,93504000,34504000,"ICEU","B2209",104.19,104.14,104.17
2022-07-08,93505000,34505000,"ICEU","B2209",104.19,104.14,104.17
2022-07-08,93506000,34506000,"ICEU","B2209",104.19,104.14,104.17
2022-07-08,93507000,34507000,"ICEU","B2209",104.19,104.15,104.18
2022-07-08,93508000,34508000,"ICEU","B2209",104.19,104.16,104.19
2022-07-08,93509000,34509000,"ICEU","B2209",104.19,104.18,104.21
2022-07-08,93510000,34510000,"ICEU","B2209",104.19,104.18,104.21
2022-07-08,93511000,34511000,"ICEU","B2209",104.19,104.2,104.22
2022-07-08,93512000,34512000,"ICEU","B2209",104.19,104.19,104.22
2022-07-08,93513000,34513000,"ICEU","B2209",104.19,104.19,104.22
2022-07-08,93514000,34514000,"ICEU","B2209",104.19,104.17,104.2
2022-07-08,93515000,34515000,"ICEU","B2209",104.19,104.18,104.21
2022-07-08,93516000,34516000,"ICEU","B2209",104.19,104.19,104.21
2022-07-08,93517000,34517000,"ICEU","B2209",104.19,104.18,104.2
2022-07-08,93519000,34519000,"ICEU","B2209",104.21,104.18,104.21
2022-07-08,93520000,34520000,"ICEU","B2209",104.21,104.17,104.19
2022-07-08,93521000,34521000,"ICEU","B2209",104.21,104.15,104.18
2022-07-08,93523000,34523000,"ICEU","B2209",104.21,104.18,104.21
2022-07-08,93524000,34524000,"ICEU","B2209",104.18,104.17,104.2
2022-07-08,93525000,34525000,"ICEU","B2209",104.17,104.16,104.19
2022-07-08,93526000,34526000,"ICEU","B2209",104.17,104.16,104.19
2022-07-08,93528000,34528000,"ICEU","B2209",104.17,104.16,104.19
2022-07-08,93529000,34529000,"ICEU","B2209",104.17,104.17,104.2
2022-07-08,93532000,34532000,"ICEU","B2209",104.17,104.17,104.2
2022-07-08,93533000,34533000,"ICEU","B2209",104.17,104.19,104.22
2022-07-08,93534000,34534000,"ICEU","B2209",104.17,104.18,104.21
2022-07-08,93538000,34538000,"ICEU","B2209",104.17,104.18,104.21
2022-07-08,93539000,34539000,"ICEU","B2209",104.17,104.18,104.21
2022-07-08,93542000,34542000,"ICEU","B2209",104.21,104.19,104.22
2022-07-08,93544000,34544000,"ICEU","B2209",104.21,104.19,104.22
2022-07-08,93545000,34545000,"ICEU","B2209",104.21,104.19,104.22
2022-07-08,93546000,34546000,"ICEU","B2209",104.21,104.19,104.22
2022-07-08,93547000,34547000,"ICEU","B2209",104.21,104.19,104.22
2022-07-08,93548000,34548000,"ICEU","B2209",104.21,104.19,104.22
2022-07-08,93551000,34551000,"ICEU","B2209",104.21,104.18,104.21
2022-07-08,93553000,34553000,"ICEU","B2209",104.21,104.18,104.21
2022-07-08,93555000,34555000,"ICEU","B2209",104.21,104.19,104.22
2022-07-08,93559000,34559000,"ICEU","B2209",104.21,104.2,104.23
2022-07-08,93600000,34560000,"ICEU","B2209",104.21,104.19,104.22
2022-07-08,93601000,34561000,"ICEU","B2209",104.21,104.21,104.23
2022-07-08,93602000,34562000,"ICEU","B2209",104.21,104.2,104.22
2022-07-08,93603000,34563000,"ICEU","B2209",104.21,104.18,104.2
2022-07-08,93605000,34565000,"ICEU","B2209",104.21,104.2,104.23
2022-07-08,93606000,34566000,"ICEU","B2209",104.21,104.19,104.22
2022-07-08,93607000,34567000,"ICEU","B2209",104.21,104.19,104.22
2022-07-08,93608000,34568000,"ICEU","B2209",104.19,104.17,104.2
2022-07-08,93609000,34569000,"ICEU","B2209",104.2,104.17,104.2
2022-07-08,93610000,34570000,"ICEU","B2209",104.2,104.17,104.19
2022-07-08,93611000,34571000,"ICEU","B2209",104.2,104.17,104.19
2022-07-08,93612000,34572000,"ICEU","B2209",104.21,104.18,104.21
