"InternalDate","Time","Exchange","Symbol","BidPrice2","BidPrice1","AskPrice1","AskPrice2"
2022-07-06,64005069,"IDEALPRO","USD.CNH",0,6.70948,6.71133,0
2022-07-06,64006893,"IDEALPRO","USD.CNH",0,6.70945,6.71127,0
2022-07-06,64025180,"IDEALPRO","USD.CNH",0,6.70945,6.71129,0
2022-07-06,64156209,"IDEALPRO","USD.CNH",0,6.70945,6.71133,0
2022-07-06,64411686,"IDEALPRO","USD.CNH",0,6.70945,6.71135,0
2022-07-06,64433113,"IDEALPRO","USD.CNH",0,6.70941,6.71135,0
2022-07-06,64436439,"IDEALPRO","USD.CNH",0,6.70941,6.71115,0
2022-07-06,64450962,"IDEALPRO","USD.CNH",0,6.70941,6.71116,0
2022-07-06,64457105,"IDEALPRO","USD.CNH",0,6.70941,6.71119,0
2022-07-06,64459218,"IDEALPRO","USD.CNH",0,6.70946,6.71119,0
2022-07-06,64500555,"IDEALPRO","USD.CNH",0,6.70946,6.71118,0
2022-07-06,64511969,"IDEALPRO","USD.CNH",0,6.70946,6.71119,0
2022-07-06,64523075,"IDEALPRO","USD.CNH",0,6.70946,6.71118,0
2022-07-06,64541208,"IDEALPRO","USD.CNH",0,6.70946,6.7112,0
2022-07-06,64547216,"IDEALPRO","USD.CNH",0,6.70946,6.71122,0
2022-07-06,64644553,"IDEALPRO","USD.CNH",0,6.70947,6.71138,0
2022-07-06,64711417,"IDEALPRO","USD.CNH",0,6.70947,6.71129,0
2022-07-06,64730319,"IDEALPRO","USD.CNH",0,6.70947,6.71136,0
2022-07-06,64837632,"IDEALPRO","USD.CNH",0,6.70925,6.71136,0
2022-07-06,64845258,"IDEALPRO","USD.CNH",0,6.70925,6.71138,0
2022-07-06,64847299,"IDEALPRO","USD.CNH",0,6.70925,6.7114,0
2022-07-06,64849558,"IDEALPRO","USD.CNH",0,6.7095,6.71122,0
2022-07-06,64905195,"IDEALPRO","USD.CNH",0,6.7095,6.71128,0
2022-07-06,65006884,"IDEALPRO","USD.CNH",0,6.70949,6.71138,0
2022-07-06,65036200,"IDEALPRO","USD.CNH",0,6.70949,6.71128,0
2022-07-06,65052521,"IDEALPRO","USD.CNH",0,6.70925,6.71128,0
2022-07-06,65054223,"IDEALPRO","USD.CNH",0,6.70925,6.71139,0
2022-07-06,65055225,"IDEALPRO","USD.CNH",0,6.70925,6.71146,0
2022-07-06,65104934,"IDEALPRO","USD.CNH",0,6.70928,6.71146,0
2022-07-06,65111770,"IDEALPRO","USD.CNH",0,6.70952,6.71129,0
2022-07-06,65130316,"IDEALPRO","USD.CNH",0,6.70952,6.71136,0
2022-07-06,65212576,"IDEALPRO","USD.CNH",0,6.70926,6.71172,0
2022-07-06,65231726,"IDEALPRO","USD.CNH",0,6.70929,6.71172,0
2022-07-06,65243700,"IDEALPRO","USD.CNH",0,6.70932,6.71172,0
2022-07-06,65306429,"IDEALPRO","USD.CNH",0,6.70952,6.71146,0
2022-07-06,65326232,"IDEALPRO","USD.CNH",0,6.70952,6.71154,0
2022-07-06,65329860,"IDEALPRO","USD.CNH",0,6.70953,6.71154,0
2022-07-06,65330305,"IDEALPRO","USD.CNH",0,6.70953,6.7116,0
2022-07-06,65411252,"IDEALPRO","USD.CNH",0,6.70933,6.71155,0
2022-07-06,65423099,"IDEALPRO","USD.CNH",0,6.70933,6.71154,0
2022-07-06,65430464,"IDEALPRO","USD.CNH",0,6.70935,6.71154,0
2022-07-06,65500159,"IDEALPRO","USD.CNH",0,6.70938,6.71154,0
2022-07-06,65507338,"IDEALPRO","USD.CNH",0,6.70953,6.71154,0
2022-07-06,65534539,"IDEALPRO","USD.CNH",0,6.70954,6.71154,0
2022-07-06,65606224,"IDEALPRO","USD.CNH",0,6.70954,6.71134,0
2022-07-06,65624202,"IDEALPRO","USD.CNH",0,6.70954,6.71139,0
2022-07-06,65626404,"IDEALPRO","USD.CNH",0,6.70954,6.71144,0
2022-07-06,65703555,"IDEALPRO","USD.CNH",0,6.70951,6.71144,0
2022-07-06,65735285,"IDEALPRO","USD.CNH",0,6.70951,6.7115,0
2022-07-06,65753250,"IDEALPRO","USD.CNH",0,6.70951,6.71154,0
2022-07-06,65906495,"IDEALPRO","USD.CNH",0,6.70953,6.71154,0
2022-07-06,65958708,"IDEALPRO","USD.CNH",0,6.70957,6.71154,0
2022-07-06,70000477,"IDEALPRO","USD.CNH",0,6.70957,6.71153,0
2022-07-06,70002648,"IDEALPRO","USD.CNH",0,6.70957,6.71155,0
2022-07-06,70007408,"IDEALPRO","USD.CNH",0,6.70957,6.7115,0
2022-07-06,70119604,"IDEALPRO","USD.CNH",0,6.70931,6.7115,0
2022-07-06,70120272,"IDEALPRO","USD.CNH",0,6.70931,6.71159,0
2022-07-06,70123922,"IDEALPRO","USD.CNH",0,6.70928,6.71159,0
2022-07-06,70129017,"IDEALPRO","USD.CNH",0,6.70933,6.71159,0
2022-07-06,70138494,"IDEALPRO","USD.CNH",0,6.70935,6.71159,0
2022-07-06,70143584,"IDEALPRO","USD.CNH",0,6.70931,6.71159,0
2022-07-06,70151219,"IDEALPRO","USD.CNH",0,6.70952,6.71138,0
2022-07-06,70202634,"IDEALPRO","USD.CNH",0,6.70947,6.71138,0
2022-07-06,70232132,"IDEALPRO","USD.CNH",0,6.70947,6.71137,0
2022-07-06,70252047,"IDEALPRO","USD.CNH",0,6.70947,6.71138,0
2022-07-06,70256242,"IDEALPRO","USD.CNH",0,6.70947,6.71148,0
2022-07-06,70257466,"IDEALPRO","USD.CNH",0,6.70947,6.71154,0
2022-07-06,70334307,"IDEALPRO","USD.CNH",0,6.70947,6.71134,0
2022-07-06,70408314,"IDEALPRO","USD.CNH",0,6.70947,6.71145,0
2022-07-06,70409426,"IDEALPRO","USD.CNH",0,6.70947,6.71151,0
2022-07-06,70412547,"IDEALPRO","USD.CNH",0,6.70943,6.71151,0
2022-07-06,70428597,"IDEALPRO","USD.CNH",0,6.70943,6.71146,0
2022-07-06,70451828,"IDEALPRO","USD.CNH",0,6.70943,6.71136,0
2022-07-06,70506405,"IDEALPRO","USD.CNH",0,6.70946,6.71136,0
2022-07-06,70524261,"IDEALPRO","USD.CNH",0,6.70946,6.71138,0
2022-07-06,70529269,"IDEALPRO","USD.CNH",0,6.70946,6.71144,0
2022-07-06,70636154,"IDEALPRO","USD.CNH",0,6.70946,6.71146,0
2022-07-06,70645589,"IDEALPRO","USD.CNH",0,6.70946,6.71128,0
2022-07-06,70736261,"IDEALPRO","USD.CNH",0,6.7095,6.71128,0
2022-07-06,70741946,"IDEALPRO","USD.CNH",0,6.7095,6.71129,0
2022-07-06,70746219,"IDEALPRO","USD.CNH",0,6.7095,6.71132,0
2022-07-06,70751213,"IDEALPRO","USD.CNH",0,6.7095,6.71135,0
2022-07-06,70801819,"IDEALPRO","USD.CNH",0,6.7095,6.71128,0
2022-07-06,70826254,"IDEALPRO","USD.CNH",0,6.7095,6.71132,0
2022-07-06,70828401,"IDEALPRO","USD.CNH",0,6.7095,6.71137,0
2022-07-06,70848754,"IDEALPRO","USD.CNH",0,6.7095,6.71128,0
2022-07-06,70915895,"IDEALPRO","USD.CNH",0,6.7095,6.7113,0
2022-07-06,70939337,"IDEALPRO","USD.CNH",0,6.7095,6.71134,0
2022-07-06,70946224,"IDEALPRO","USD.CNH",0,6.7095,6.71136,0
2022-07-06,71015175,"IDEALPRO","USD.CNH",0,6.7095,6.7113,0
2022-07-06,71032189,"IDEALPRO","USD.CNH",0,6.7095,6.71132,0
2022-07-06,71035348,"IDEALPRO","USD.CNH",0,6.7095,6.71136,0
2022-07-06,71042424,"IDEALPRO","USD.CNH",0,6.7095,6.71135,0
2022-07-06,71103298,"IDEALPRO","USD.CNH",0,6.7095,6.71134,0
2022-07-06,71111943,"IDEALPRO","USD.CNH",0,6.7095,6.71133,0
2022-07-06,71128357,"IDEALPRO","USD.CNH",0,6.7095,6.71136,0
2022-07-06,71152350,"IDEALPRO","USD.CNH",0,6.7095,6.71134,0
2022-07-06,71205385,"IDEALPRO","USD.CNH",0,6.70947,6.71134,0
2022-07-06,71210734,"IDEALPRO","USD.CNH",0,6.70944,6.71134,0
2022-07-06,71213685,"IDEALPRO","USD.CNH",0,6.70925,6.71116,0
2022-07-06,71217086,"IDEALPRO","USD.CNH",0,6.70925,6.71114,0
2022-07-06,71257345,"IDEALPRO","USD.CNH",0,6.70925,6.7111,0
2022-07-06,71315334,"IDEALPRO","USD.CNH",0,6.70927,6.7111,0
2022-07-06,71332196,"IDEALPRO","USD.CNH",0,6.7093,6.7111,0
2022-07-06,71357581,"IDEALPRO","USD.CNH",0,6.70933,6.7111,0
2022-07-06,71402898,"IDEALPRO","USD.CNH",0,6.7093,6.7111,0
2022-07-06,71421270,"IDEALPRO","USD.CNH",0,6.7093,6.71114,0
2022-07-06,71429451,"IDEALPRO","USD.CNH",0,6.7093,6.71116,0
2022-07-06,71440670,"IDEALPRO","USD.CNH",0,6.70934,6.71116,0
2022-07-06,71522930,"IDEALPRO","USD.CNH",0,6.70934,6.71106,0
2022-07-06,71530930,"IDEALPRO","USD.CNH",0,6.70934,6.71106,0
2022-07-06,71533045,"IDEALPRO","USD.CNH",0,6.70934,6.71108,0
2022-07-06,71541826,"IDEALPRO","USD.CNH",0,6.70932,6.71116,0
2022-07-06,71701705,"IDEALPRO","USD.CNH",0,6.70928,6.71116,0
2022-07-06,71754371,"IDEALPRO","USD.CNH",0,6.70928,6.7112,0
2022-07-06,71831604,"IDEALPRO","USD.CNH",0,6.70928,6.71121,0
2022-07-06,72035294,"IDEALPRO","USD.CNH",0,6.70928,6.711,0
2022-07-06,72106309,"IDEALPRO","USD.CNH",0,6.70928,6.71104,0
2022-07-06,72202145,"IDEALPRO","USD.CNH",0,6.70919,6.71104,0
2022-07-06,72203414,"IDEALPRO","USD.CNH",0,6.70919,6.71106,0
2022-07-06,72209378,"IDEALPRO","USD.CNH",0,6.70919,6.7111,0
2022-07-06,72242894,"IDEALPRO","USD.CNH",0,6.70919,6.7111,0
2022-07-06,72342712,"IDEALPRO","USD.CNH",0,6.70919,6.7111,0
2022-07-06,72420222,"IDEALPRO","USD.CNH",0,6.70919,6.71112,0
2022-07-06,72444403,"IDEALPRO","USD.CNH",0,6.70919,6.71115,0
2022-07-06,72501017,"IDEALPRO","USD.CNH",0,6.70919,6.71138,0
2022-07-06,72509543,"IDEALPRO","USD.CNH",0,6.70914,6.71124,0
2022-07-06,72513660,"IDEALPRO","USD.CNH",0,6.70918,6.71124,0
2022-07-06,72531588,"IDEALPRO","USD.CNH",0,6.70919,6.71136,0
2022-07-06,72537952,"IDEALPRO","USD.CNH",0,6.70919,6.71128,0
2022-07-06,72553510,"IDEALPRO","USD.CNH",0,6.70918,6.71132,0
2022-07-06,72615840,"IDEALPRO","USD.CNH",0,6.70918,6.71138,0
2022-07-06,72619691,"IDEALPRO","USD.CNH",0,6.70918,6.71139,0
2022-07-06,72637639,"IDEALPRO","USD.CNH",0,6.70918,6.71137,0
2022-07-06,72638086,"IDEALPRO","USD.CNH",0,6.70918,6.71139,0
2022-07-06,72643609,"IDEALPRO","USD.CNH",0,6.70918,6.7114,0
2022-07-06,72722437,"IDEALPRO","USD.CNH",0,6.70918,6.71132,0
2022-07-06,72725695,"IDEALPRO","USD.CNH",0,6.70917,6.71132,0
2022-07-06,72744826,"IDEALPRO","USD.CNH",0,6.70917,6.71139,0
2022-07-06,72749536,"IDEALPRO","USD.CNH",0,6.70918,6.7114,0
2022-07-06,72806663,"IDEALPRO","USD.CNH",0,6.70918,6.7114,0
2022-07-06,72828761,"IDEALPRO","USD.CNH",0,6.70917,6.7114,0
2022-07-06,72850951,"IDEALPRO","USD.CNH",0,6.70917,6.71139,0
2022-07-06,72913082,"IDEALPRO","USD.CNH",0,6.70918,6.71141,0
2022-07-06,72916689,"IDEALPRO","USD.CNH",0,6.70917,6.7114,0
2022-07-06,72935467,"IDEALPRO","USD.CNH",0,6.70918,6.71141,0
2022-07-06,73001584,"IDEALPRO","USD.CNH",0,6.70917,6.7114,0
2022-07-06,73042439,"IDEALPRO","USD.CNH",0,6.70918,6.7112,0
2022-07-06,73046690,"IDEALPRO","USD.CNH",0,6.70916,6.7112,0
2022-07-06,73104713,"IDEALPRO","USD.CNH",0,6.70917,6.71119,0
2022-07-06,73118006,"IDEALPRO","USD.CNH",0,6.70917,6.71118,0
2022-07-06,73125082,"IDEALPRO","USD.CNH",0,6.70917,6.71119,0
2022-07-06,73126408,"IDEALPRO","USD.CNH",0,6.70917,6.7111,0
2022-07-06,73131782,"IDEALPRO","USD.CNH",0,6.70916,6.71114,0
2022-07-06,73139995,"IDEALPRO","USD.CNH",0,6.70916,6.71113,0
2022-07-06,73148642,"IDEALPRO","USD.CNH",0,6.70917,6.71109,0
2022-07-06,73149087,"IDEALPRO","USD.CNH",0,6.70917,6.71114,0
2022-07-06,73152691,"IDEALPRO","USD.CNH",0,6.70916,6.71114,0
2022-07-06,73203235,"IDEALPRO","USD.CNH",0,6.70916,6.71113,0
2022-07-06,73211153,"IDEALPRO","USD.CNH",0,6.70916,6.71108,0
2022-07-06,73216562,"IDEALPRO","USD.CNH",0,6.70917,6.71105,0
2022-07-06,73233363,"IDEALPRO","USD.CNH",0,6.70916,6.71102,0
2022-07-06,73243001,"IDEALPRO","USD.CNH",0,6.70916,6.71098,0
2022-07-06,73255296,"IDEALPRO","USD.CNH",0,6.70915,6.71095,0
2022-07-06,73301651,"IDEALPRO","USD.CNH",0,6.70913,6.71095,0
2022-07-06,73310130,"IDEALPRO","USD.CNH",0,6.70913,6.71094,0
2022-07-06,73311022,"IDEALPRO","USD.CNH",0,6.70913,6.71095,0
2022-07-06,73323945,"IDEALPRO","USD.CNH",0,6.70913,6.71094,0
2022-07-06,73426547,"IDEALPRO","USD.CNH",0,6.70906,6.71094,0
2022-07-06,73522544,"IDEALPRO","USD.CNH",0,6.70906,6.71092,0
2022-07-06,73528720,"IDEALPRO","USD.CNH",0,6.70908,6.71092,0
2022-07-06,73532949,"IDEALPRO","USD.CNH",0,6.70908,6.71091,0
2022-07-06,73544942,"IDEALPRO","USD.CNH",0,6.70907,6.71098,0
2022-07-06,73549608,"IDEALPRO","USD.CNH",0,6.70909,6.71098,0
2022-07-06,73606989,"IDEALPRO","USD.CNH",0,6.70909,6.71103,0
2022-07-06,73629444,"IDEALPRO","USD.CNH",0,6.70909,6.71105,0
2022-07-06,73651545,"IDEALPRO","USD.CNH",0,6.70909,6.71106,0
2022-07-06,73713811,"IDEALPRO","USD.CNH",0,6.70909,6.71082,0
2022-07-06,73714034,"IDEALPRO","USD.CNH",0,6.70906,6.71082,0
2022-07-06,73723206,"IDEALPRO","USD.CNH",0,6.70989,6.71133,0
2022-07-06,73726811,"IDEALPRO","USD.CNH",0,6.70989,6.71133,0
2022-07-06,73727032,"IDEALPRO","USD.CNH",0,6.70989,6.71134,0
2022-07-06,73729858,"IDEALPRO","USD.CNH",0,6.70989,6.71134,0
2022-07-06,73731238,"IDEALPRO","USD.CNH",0,6.70989,6.71133,0
2022-07-06,73733018,"IDEALPRO","USD.CNH",0,6.70989,6.71134,0
2022-07-06,73736823,"IDEALPRO","USD.CNH",0,6.70984,6.71134,0
2022-07-06,73742054,"IDEALPRO","USD.CNH",0,6.70984,6.71133,0
2022-07-06,73743378,"IDEALPRO","USD.CNH",0,6.70984,6.71134,0
2022-07-06,73753038,"IDEALPRO","USD.CNH",0,6.70984,6.71133,0
2022-07-06,73758145,"IDEALPRO","USD.CNH",0,6.70984,6.71134,0
2022-07-06,73759036,"IDEALPRO","USD.CNH",0,6.70984,6.71133,0
2022-07-06,73803333,"IDEALPRO","USD.CNH",0,6.70984,6.71125,0
2022-07-06,73809889,"IDEALPRO","USD.CNH",0,6.70989,6.71125,0
2022-07-06,73819854,"IDEALPRO","USD.CNH",0,6.70984,6.71125,0
2022-07-06,73823404,"IDEALPRO","USD.CNH",0,6.70992,6.71128,0
2022-07-06,73827120,"IDEALPRO","USD.CNH",0,6.70992,6.71127,0
2022-07-06,73845509,"IDEALPRO","USD.CNH",0,6.70991,6.71127,0
2022-07-06,73903373,"IDEALPRO","USD.CNH",0,6.70991,6.71128,0
2022-07-06,73913555,"IDEALPRO","USD.CNH",0,6.70999,6.71132,0
2022-07-06,73916693,"IDEALPRO","USD.CNH",0,6.71004,6.71132,0
2022-07-06,73927419,"IDEALPRO","USD.CNH",0,6.71045,6.7115,0
2022-07-06,73936488,"IDEALPRO","USD.CNH",0,6.71045,6.71152,0
2022-07-06,73940949,"IDEALPRO","USD.CNH",0,6.70951,6.71103,0
2022-07-06,73942063,"IDEALPRO","USD.CNH",0,6.70946,6.71103,0
2022-07-06,73948615,"IDEALPRO","USD.CNH",0,6.70948,6.71103,0
2022-07-06,74006642,"IDEALPRO","USD.CNH",0,6.70947,6.71103,0
2022-07-06,74027720,"IDEALPRO","USD.CNH",0,6.70944,6.71103,0
2022-07-06,74035932,"IDEALPRO","USD.CNH",0,6.70945,6.71103,0
2022-07-06,74046349,"IDEALPRO","USD.CNH",0,6.70944,6.71103,0
2022-07-06,74056688,"IDEALPRO","USD.CNH",0,6.70937,6.71103,0
2022-07-06,74122560,"IDEALPRO","USD.CNH",0,6.70934,6.71103,0
2022-07-06,74124905,"IDEALPRO","USD.CNH",0,6.70933,6.71103,0
2022-07-06,74127581,"IDEALPRO","USD.CNH",0,6.70933,6.71103,0
2022-07-06,74137387,"IDEALPRO","USD.CNH",0,6.70933,6.71103,0
2022-07-06,74143608,"IDEALPRO","USD.CNH",0,6.70933,6.71103,0
2022-07-06,74208660,"IDEALPRO","USD.CNH",0,6.71049,6.71151,0
2022-07-06,74216516,"IDEALPRO","USD.CNH",0,6.70944,6.71102,0
2022-07-06,74219554,"IDEALPRO","USD.CNH",0,6.7094,6.71102,0
2022-07-06,74223082,"IDEALPRO","USD.CNH",0,6.70932,6.71102,0
2022-07-06,74225909,"IDEALPRO","USD.CNH",0,6.70944,6.711,0
2022-07-06,74229135,"IDEALPRO","USD.CNH",0,6.70937,6.711,0
2022-07-06,74248913,"IDEALPRO","USD.CNH",0,6.70933,6.711,0
2022-07-06,74304283,"IDEALPRO","USD.CNH",0,6.70933,6.71099,0
2022-07-06,74306396,"IDEALPRO","USD.CNH",0,6.70943,6.71101,0
2022-07-06,74319274,"IDEALPRO","USD.CNH",0,6.70933,6.71104,0
2022-07-06,74345097,"IDEALPRO","USD.CNH",0,6.70938,6.711,0
2022-07-06,74403678,"IDEALPRO","USD.CNH",0,6.70933,6.711,0
2022-07-06,74404345,"IDEALPRO","USD.CNH",0,6.70933,6.71099,0
2022-07-06,74406448,"IDEALPRO","USD.CNH",0,6.70936,6.71101,0
2022-07-06,74415971,"IDEALPRO","USD.CNH",0,6.70933,6.71101,0
2022-07-06,74422713,"IDEALPRO","USD.CNH",0,6.70933,6.71105,0
2022-07-06,74431893,"IDEALPRO","USD.CNH",0,6.70948,6.71105,0
2022-07-06,74433900,"IDEALPRO","USD.CNH",0,6.70949,6.71105,0
2022-07-06,74435079,"IDEALPRO","USD.CNH",0,6.70933,6.71105,0
2022-07-06,74455706,"IDEALPRO","USD.CNH",0,6.70943,6.71105,0
2022-07-06,74457398,"IDEALPRO","USD.CNH",0,6.70943,6.71102,0
2022-07-06,74500335,"IDEALPRO","USD.CNH",0,6.70933,6.71103,0
2022-07-06,74536876,"IDEALPRO","USD.CNH",0,6.70944,6.71103,0
2022-07-06,74603669,"IDEALPRO","USD.CNH",0,6.70961,6.71104,0
2022-07-06,74605954,"IDEALPRO","USD.CNH",0,6.70961,6.71103,0
2022-07-06,74607291,"IDEALPRO","USD.CNH",0,6.70954,6.71106,0
2022-07-06,74612745,"IDEALPRO","USD.CNH",0,6.70945,6.71106,0
2022-07-06,74613635,"IDEALPRO","USD.CNH",0,6.70951,6.71106,0
2022-07-06,74618053,"IDEALPRO","USD.CNH",0,6.7095,6.71106,0
2022-07-06,74628090,"IDEALPRO","USD.CNH",0,6.71094,6.71159,0
2022-07-06,74629948,"IDEALPRO","USD.CNH",0,6.71094,6.7116,0
2022-07-06,74656788,"IDEALPRO","USD.CNH",0,6.711,6.7116,0
2022-07-06,74706803,"IDEALPRO","USD.CNH",0,6.71094,6.7116,0
2022-07-06,74726924,"IDEALPRO","USD.CNH",0,6.711,6.7116,0
2022-07-06,74727147,"IDEALPRO","USD.CNH",0,6.711,6.71159,0
2022-07-06,74746785,"IDEALPRO","USD.CNH",0,6.71094,6.71159,0
2022-07-06,74756775,"IDEALPRO","USD.CNH",0,6.71094,6.71159,0
2022-07-06,74759724,"IDEALPRO","USD.CNH",0,6.71094,6.71165,0
2022-07-06,74807006,"IDEALPRO","USD.CNH",0,6.711,6.71165,0
2022-07-06,74810516,"IDEALPRO","USD.CNH",0,6.711,6.71164,0
2022-07-06,74816960,"IDEALPRO","USD.CNH",0,6.71105,6.71164,0
2022-07-06,74818895,"IDEALPRO","USD.CNH",0,6.71137,6.71238,0
2022-07-06,74819564,"IDEALPRO","USD.CNH",0,6.71146,6.7125,0
2022-07-06,74820909,"IDEALPRO","USD.CNH",0,6.7115,6.71251,0
2022-07-06,74824482,"IDEALPRO","USD.CNH",0,6.71148,6.71251,0
2022-07-06,74828609,"IDEALPRO","USD.CNH",0,6.71144,6.71251,0
2022-07-06,74833327,"IDEALPRO","USD.CNH",0,6.71144,6.71256,0
2022-07-06,74837054,"IDEALPRO","USD.CNH",0,6.71142,6.7126,0
2022-07-06,74847492,"IDEALPRO","USD.CNH",0,6.71139,6.7126,0
2022-07-06,74857361,"IDEALPRO","USD.CNH",0,6.71135,6.7126,0
2022-07-06,74909469,"IDEALPRO","USD.CNH",0,6.71125,6.7125,0
2022-07-06,74913608,"IDEALPRO","USD.CNH",0,6.7112,6.7125,0
2022-07-06,74946921,"IDEALPRO","USD.CNH",0,6.71118,6.7125,0
2022-07-06,75036851,"IDEALPRO","USD.CNH",0,6.71114,6.7125,0
2022-07-06,75101314,"IDEALPRO","USD.CNH",0,6.71114,6.71249,0
2022-07-06,75103804,"IDEALPRO","USD.CNH",0,6.7112,6.71256,0
2022-07-06,75106648,"IDEALPRO","USD.CNH",0,6.71124,6.71262,0
2022-07-06,75137601,"IDEALPRO","USD.CNH",0,6.7112,6.71262,0
2022-07-06,75201937,"IDEALPRO","USD.CNH",0,6.71123,6.71262,0
2022-07-06,75202159,"IDEALPRO","USD.CNH",0,6.7112,6.71262,0
2022-07-06,75355248,"IDEALPRO","USD.CNH",0,6.71117,6.71262,0
2022-07-06,75525828,"IDEALPRO","USD.CNH",0,6.71117,6.71276,0
2022-07-06,75531568,"IDEALPRO","USD.CNH",0,6.71113,6.71273,0
2022-07-06,75534466,"IDEALPRO","USD.CNH",0,6.71113,6.71256,0
2022-07-06,75611862,"IDEALPRO","USD.CNH",0,6.71113,6.71256,0
2022-07-06,75716570,"IDEALPRO","USD.CNH",0,6.7111,6.71261,0
2022-07-06,75719021,"IDEALPRO","USD.CNH",0,6.7111,6.71258,0
2022-07-06,75745440,"IDEALPRO","USD.CNH",0,6.7111,6.71252,0
2022-07-06,75749575,"IDEALPRO","USD.CNH",0,6.71108,6.71248,0
2022-07-06,75821868,"IDEALPRO","USD.CNH",0,6.71199,6.71297,0
2022-07-06,75822982,"IDEALPRO","USD.CNH",0,6.71197,6.71284,0
2022-07-06,75824096,"IDEALPRO","USD.CNH",0,6.71199,6.71284,0
2022-07-06,75826365,"IDEALPRO","USD.CNH",0,6.71199,6.71285,0
2022-07-06,75827926,"IDEALPRO","USD.CNH",0,6.71199,6.71285,0
2022-07-06,75829932,"IDEALPRO","USD.CNH",0,6.71064,6.71232,0
2022-07-06,75830155,"IDEALPRO","USD.CNH",0,6.71064,6.7123,0
2022-07-06,75837646,"IDEALPRO","USD.CNH",0,6.71065,6.7123,0
2022-07-06,75843960,"IDEALPRO","USD.CNH",0,6.71053,6.71224,0
2022-07-06,75844183,"IDEALPRO","USD.CNH",0,6.71045,6.71208,0
2022-07-06,75846675,"IDEALPRO","USD.CNH",0,6.71045,6.71209,0
2022-07-06,75849571,"IDEALPRO","USD.CNH",0,6.71044,6.7121,0
2022-07-06,75854705,"IDEALPRO","USD.CNH",0,6.71044,6.71213,0
2022-07-06,75901599,"IDEALPRO","USD.CNH",0,6.71043,6.71211,0
2022-07-06,75906337,"IDEALPRO","USD.CNH",0,6.71048,6.71225,0
2022-07-06,75926798,"IDEALPRO","USD.CNH",0,6.71049,6.71225,0
2022-07-06,75937267,"IDEALPRO","USD.CNH",0,6.71048,6.71225,0
2022-07-06,75939048,"IDEALPRO","USD.CNH",0,6.71048,6.71226,0
2022-07-06,75942794,"IDEALPRO","USD.CNH",0,6.70989,6.7118,0
2022-07-06,75943916,"IDEALPRO","USD.CNH",0,6.71048,6.71225,0
2022-07-06,75944980,"IDEALPRO","USD.CNH",0,6.70992,6.71181,0
2022-07-06,75945871,"IDEALPRO","USD.CNH",0,6.7105,6.71224,0
2022-07-06,75946944,"IDEALPRO","USD.CNH",0,6.70997,6.71184,0
2022-07-06,75947945,"IDEALPRO","USD.CNH",0,6.71052,6.71224,0
2022-07-06,75949971,"IDEALPRO","USD.CNH",0,6.71023,6.71208,0
2022-07-06,75950194,"IDEALPRO","USD.CNH",0,6.71052,6.71226,0
2022-07-06,75951150,"IDEALPRO","USD.CNH",0,6.71005,6.71189,0
2022-07-06,75952265,"IDEALPRO","USD.CNH",0,6.71038,6.71222,0
2022-07-06,75953604,"IDEALPRO","USD.CNH",0,6.71041,6.71225,0
2022-07-06,80000857,"IDEALPRO","USD.CNH",0,6.71146,6.71204,0
2022-07-06,80001972,"IDEALPRO","USD.CNH",0,6.71105,6.71178,0
2022-07-06,80002418,"IDEALPRO","USD.CNH",0,6.71101,6.71176,0
2022-07-06,80003756,"IDEALPRO","USD.CNH",0,6.71101,6.71175,0
2022-07-06,80005818,"IDEALPRO","USD.CNH",0,6.71105,6.71175,0
2022-07-06,80006934,"IDEALPRO","USD.CNH",0,6.71102,6.71178,0
2022-07-06,80007826,"IDEALPRO","USD.CNH",0,6.71104,6.71175,0
2022-07-06,80008940,"IDEALPRO","USD.CNH",0,6.71104,6.71175,0
2022-07-06,80009162,"IDEALPRO","USD.CNH",0,6.71106,6.71175,0
2022-07-06,80010946,"IDEALPRO","USD.CNH",0,6.71104,6.71174,0
2022-07-06,80011838,"IDEALPRO","USD.CNH",0,6.71106,6.71176,0
2022-07-06,80012953,"IDEALPRO","USD.CNH",0,6.71163,6.7123,0
2022-07-06,80013845,"IDEALPRO","USD.CNH",0,6.71158,6.71222,0
2022-07-06,80014737,"IDEALPRO","USD.CNH",0,6.7115,6.71229,0
2022-07-06,80017452,"IDEALPRO","USD.CNH",0,6.71149,6.71225,0
2022-07-06,80018565,"IDEALPRO","USD.CNH",0,6.7115,6.71225,0
2022-07-06,80019903,"IDEALPRO","USD.CNH",0,6.71151,6.71225,0
2022-07-06,80021687,"IDEALPRO","USD.CNH",0,6.71155,6.71226,0
2022-07-06,80022357,"IDEALPRO","USD.CNH",0,6.71154,6.71226,0
2022-07-06,80025963,"IDEALPRO","USD.CNH",0,6.71155,6.71226,0
2022-07-06,80029530,"IDEALPRO","USD.CNH",0,6.71177,6.71235,0
2022-07-06,80030422,"IDEALPRO","USD.CNH",0,6.7117,6.71257,0
2022-07-06,80033543,"IDEALPRO","USD.CNH",0,6.71171,6.71256,0
2022-07-06,80034435,"IDEALPRO","USD.CNH",0,6.71179,6.71256,0
2022-07-06,80036927,"IDEALPRO","USD.CNH",0,6.71181,6.71257,0
2022-07-06,80037150,"IDEALPRO","USD.CNH",0,6.71181,6.71257,0
2022-07-06,80038488,"IDEALPRO","USD.CNH",0,6.71174,6.71257,0
2022-07-06,80039157,"IDEALPRO","USD.CNH",0,6.71181,6.71251,0
2022-07-06,80040049,"IDEALPRO","USD.CNH",0,6.71177,6.71251,0
2022-07-06,80042726,"IDEALPRO","USD.CNH",0,6.71179,6.71252,0
2022-07-06,80043618,"IDEALPRO","USD.CNH",0,6.71177,6.71248,0
2022-07-06,80046778,"IDEALPRO","USD.CNH",0,6.71167,6.71245,0
2022-07-06,80101555,"IDEALPRO","USD.CNH",0,6.71161,6.71238,0
2022-07-06,80103561,"IDEALPRO","USD.CNH",0,6.71152,6.71235,0
2022-07-06,80104899,"IDEALPRO","USD.CNH",0,6.71151,6.71235,0
2022-07-06,80115250,"IDEALPRO","USD.CNH",0,6.7112,6.71199,0
2022-07-06,80116141,"IDEALPRO","USD.CNH",0,6.71118,6.71199,0
2022-07-06,80119062,"IDEALPRO","USD.CNH",0,6.71117,6.71199,0
2022-07-06,80123965,"IDEALPRO","USD.CNH",0,6.71121,6.7121,0
2022-07-06,80124856,"IDEALPRO","USD.CNH",0,6.71123,6.7121,0
2022-07-06,80125565,"IDEALPRO","USD.CNH",0,6.71124,6.7121,0
2022-07-06,80126010,"IDEALPRO","USD.CNH",0,6.71125,6.7121,0
2022-07-06,80128017,"IDEALPRO","USD.CNH",0,6.71126,6.7121,0
2022-07-06,80136834,"IDEALPRO","USD.CNH",0,6.71151,6.71235,0
2022-07-06,80137949,"IDEALPRO","USD.CNH",0,6.71148,6.71246,0
2022-07-06,80138173,"IDEALPRO","USD.CNH",0,6.71146,6.71243,0
2022-07-06,80139955,"IDEALPRO","USD.CNH",0,6.71146,6.71243,0
2022-07-06,80141069,"IDEALPRO","USD.CNH",0,6.71147,6.71243,0
2022-07-06,80143299,"IDEALPRO","USD.CNH",0,6.71149,6.71241,0
2022-07-06,80144860,"IDEALPRO","USD.CNH",0,6.71152,6.71246,0
2022-07-06,80145807,"IDEALPRO","USD.CNH",0,6.71146,6.71226,0
2022-07-06,80148929,"IDEALPRO","USD.CNH",0,6.71144,6.71233,0
2022-07-06,80149822,"IDEALPRO","USD.CNH",0,6.71145,6.71196,0
2022-07-06,80150713,"IDEALPRO","USD.CNH",0,6.71132,6.71185,0
2022-07-06,80151159,"IDEALPRO","USD.CNH",0,6.71129,6.71185,0
2022-07-06,80154997,"IDEALPRO","USD.CNH",0,6.71131,6.71196,0
2022-07-06,80155888,"IDEALPRO","USD.CNH",0,6.71157,6.71214,0
2022-07-06,80156779,"IDEALPRO","USD.CNH",0,6.71158,6.71215,0
2022-07-06,80157002,"IDEALPRO","USD.CNH",0,6.71152,6.71202,0
2022-07-06,80200123,"IDEALPRO","USD.CNH",0,6.71152,6.71203,0
2022-07-06,80208658,"IDEALPRO","USD.CNH",0,6.7115,6.71203,0
2022-07-06,80213117,"IDEALPRO","USD.CNH",0,6.71148,6.71203,0
2022-07-06,80215830,"IDEALPRO","USD.CNH",0,6.71145,6.71203,0
2022-07-06,80216945,"IDEALPRO","USD.CNH",0,6.71129,6.71178,0
2022-07-06,80217837,"IDEALPRO","USD.CNH",0,6.71128,6.71179,0
2022-07-06,80224971,"IDEALPRO","USD.CNH",0,6.71162,6.71236,0
2022-07-06,80225902,"IDEALPRO","USD.CNH",0,6.71147,6.71237,0
2022-07-06,80226571,"IDEALPRO","USD.CNH",0,6.71152,6.71235,0
2022-07-06,80227686,"IDEALPRO","USD.CNH",0,6.71155,6.71196,0
2022-07-06,80228801,"IDEALPRO","USD.CNH",0,6.71172,6.71238,0
2022-07-06,80229916,"IDEALPRO","USD.CNH",0,6.71164,6.71249,0
2022-07-06,80230809,"IDEALPRO","USD.CNH",0,6.71164,6.71201,0
2022-07-06,80231924,"IDEALPRO","USD.CNH",0,6.71149,6.712,0
2022-07-06,80232816,"IDEALPRO","USD.CNH",0,6.71149,6.712,0
2022-07-06,80233931,"IDEALPRO","USD.CNH",0,6.71159,6.71195,0
2022-07-06,80234823,"IDEALPRO","USD.CNH",0,6.71164,6.71195,0
2022-07-06,80235976,"IDEALPRO","USD.CNH",0,6.71154,6.71196,0
2022-07-06,80236868,"IDEALPRO","USD.CNH",0,6.7115,6.71196,0
2022-07-06,80237315,"IDEALPRO","USD.CNH",0,6.71163,6.71196,0
2022-07-06,80239767,"IDEALPRO","USD.CNH",0,6.7116,6.71196,0
2022-07-06,80240659,"IDEALPRO","USD.CNH",0,6.71163,6.71196,0
2022-07-06,80242887,"IDEALPRO","USD.CNH",0,6.71167,6.71195,0
2022-07-06,80243779,"IDEALPRO","USD.CNH",0,6.71163,6.71195,0
2022-07-06,80244893,"IDEALPRO","USD.CNH",0,6.71153,6.7119,0
2022-07-06,80245824,"IDEALPRO","USD.CNH",0,6.71151,6.7119,0
2022-07-06,80246717,"IDEALPRO","USD.CNH",0,6.71148,6.71192,0
2022-07-06,80247832,"IDEALPRO","USD.CNH",0,6.71162,6.71196,0
2022-07-06,80248278,"IDEALPRO","USD.CNH",0,6.71157,6.71196,0
2022-07-06,80256566,"IDEALPRO","USD.CNH",0,6.71157,6.71197,0
2022-07-06,80257681,"IDEALPRO","USD.CNH",0,6.71131,6.71221,0
2022-07-06,80258796,"IDEALPRO","USD.CNH",0,6.71144,6.71222,0
2022-07-06,80259910,"IDEALPRO","USD.CNH",0,6.71142,6.71197,0
2022-07-06,80300133,"IDEALPRO","USD.CNH",0,6.71144,6.71197,0
2022-07-06,80301916,"IDEALPRO","USD.CNH",0,6.71141,6.71193,0
2022-07-06,80302807,"IDEALPRO","USD.CNH",0,6.71143,6.71194,0
2022-07-06,80303923,"IDEALPRO","USD.CNH",0,6.71143,6.71194,0
2022-07-06,80304146,"IDEALPRO","USD.CNH",0,6.71146,6.71194,0
2022-07-06,80305986,"IDEALPRO","USD.CNH",0,6.71142,6.71194,0
2022-07-06,80306878,"IDEALPRO","USD.CNH",0,6.71143,6.71194,0
2022-07-06,80307992,"IDEALPRO","USD.CNH",0,6.71131,6.71168,0
2022-07-06,80308661,"IDEALPRO","USD.CNH",0,6.71127,6.71155,0
2022-07-06,80309107,"IDEALPRO","USD.CNH",0,6.71125,6.71155,0
2022-07-06,80311783,"IDEALPRO","USD.CNH",0,6.71123,6.71155,0
2022-07-06,80312229,"IDEALPRO","USD.CNH",0,6.71122,6.71155,0
2022-07-06,80313790,"IDEALPRO","USD.CNH",0,6.71122,6.71155,0
2022-07-06,80314682,"IDEALPRO","USD.CNH",0,6.71122,6.71155,0
2022-07-06,80317858,"IDEALPRO","USD.CNH",0,6.71113,6.71155,0
2022-07-06,80318303,"IDEALPRO","USD.CNH",0,6.7112,6.71158,0
2022-07-06,80319418,"IDEALPRO","USD.CNH",0,6.71114,6.71158,0
2022-07-06,80321870,"IDEALPRO","USD.CNH",0,6.71114,6.71158,0
2022-07-06,80322762,"IDEALPRO","USD.CNH",0,6.71113,6.71156,0
2022-07-06,80323876,"IDEALPRO","USD.CNH",0,6.71114,6.7116,0
2022-07-06,80324770,"IDEALPRO","USD.CNH",0,6.71114,6.7116,0
2022-07-06,80325923,"IDEALPRO","USD.CNH",0,6.71114,6.71158,0
2022-07-06,80326591,"IDEALPRO","USD.CNH",0,6.71114,6.71158,0
2022-07-06,80327929,"IDEALPRO","USD.CNH",0,6.71113,6.71157,0
2022-07-06,80328822,"IDEALPRO","USD.CNH",0,6.71117,6.71157,0
2022-07-06,80331888,"IDEALPRO","USD.CNH",0,6.71117,6.71158,0
2022-07-06,80333269,"IDEALPRO","USD.CNH",0,6.71118,6.71158,0
2022-07-06,80334383,"IDEALPRO","USD.CNH",0,6.7112,6.71158,0
2022-07-06,80335314,"IDEALPRO","USD.CNH",0,6.71123,6.71158,0
2022-07-06,80336653,"IDEALPRO","USD.CNH",0,6.71119,6.71158,0
2022-07-06,80337990,"IDEALPRO","USD.CNH",0,6.71118,6.71157,0
2022-07-06,80338881,"IDEALPRO","USD.CNH",0,6.71116,6.71158,0
2022-07-06,80339774,"IDEALPRO","USD.CNH",0,6.71121,6.71158,0
2022-07-06,80342671,"IDEALPRO","USD.CNH",0,6.71121,6.71157,0
2022-07-06,80344901,"IDEALPRO","USD.CNH",0,6.71121,6.71158,0
2022-07-06,80348952,"IDEALPRO","USD.CNH",0,6.71122,6.71157,0
2022-07-06,80349174,"IDEALPRO","USD.CNH",0,6.71122,6.71158,0
2022-07-06,80351865,"IDEALPRO","USD.CNH",0,6.71117,6.71157,0
2022-07-06,80352534,"IDEALPRO","USD.CNH",0,6.71116,6.7116,0
2022-07-06,80355851,"IDEALPRO","USD.CNH",0,6.71116,6.7116,0
2022-07-06,80356744,"IDEALPRO","USD.CNH",0,6.71116,6.7116,0
2022-07-06,80359866,"IDEALPRO","USD.CNH",0,6.71118,6.7116,0
2022-07-06,80403209,"IDEALPRO","USD.CNH",0,6.71128,6.71167,0
2022-07-06,80408780,"IDEALPRO","USD.CNH",0,6.71124,6.71167,0
2022-07-06,80409003,"IDEALPRO","USD.CNH",0,6.7112,6.71167,0
2022-07-06,80410785,"IDEALPRO","USD.CNH",0,6.7112,6.71165,0
2022-07-06,80411900,"IDEALPRO","USD.CNH",0,6.71122,6.71165,0
2022-07-06,80415953,"IDEALPRO","USD.CNH",0,6.71221,6.71269,0
2022-07-06,80416621,"IDEALPRO","USD.CNH",0,6.71213,6.71261,0
2022-07-06,80417290,"IDEALPRO","USD.CNH",0,6.71213,6.71258,0
2022-07-06,80418694,"IDEALPRO","USD.CNH",0,6.7121,6.71258,0
2022-07-06,80420478,"IDEALPRO","USD.CNH",0,6.7119,6.71243,0
2022-07-06,80422931,"IDEALPRO","USD.CNH",0,6.71182,6.71226,0
2022-07-06,80426660,"IDEALPRO","USD.CNH",0,6.71185,6.71226,0
2022-07-06,80427106,"IDEALPRO","USD.CNH",0,6.71182,6.71225,0
2022-07-06,80430675,"IDEALPRO","USD.CNH",0,6.7117,6.71219,0
2022-07-06,80431791,"IDEALPRO","USD.CNH",0,6.71155,6.71217,0
2022-07-06,80432905,"IDEALPRO","USD.CNH",0,6.71158,6.71215,0
2022-07-06,80433797,"IDEALPRO","USD.CNH",0,6.71158,6.71215,0
2022-07-06,80434911,"IDEALPRO","USD.CNH",0,6.71158,6.71213,0
2022-07-06,80436734,"IDEALPRO","USD.CNH",0,6.71164,6.71213,0
2022-07-06,80440970,"IDEALPRO","USD.CNH",0,6.71137,6.71171,0
2022-07-06,80441639,"IDEALPRO","USD.CNH",0,6.71129,6.71162,0
2022-07-06,80442084,"IDEALPRO","USD.CNH",0,6.71132,6.71162,0
2022-07-06,80447921,"IDEALPRO","USD.CNH",0,6.71157,6.71204,0
2022-07-06,80448367,"IDEALPRO","USD.CNH",0,6.71205,6.71267,0
2022-07-06,80451711,"IDEALPRO","USD.CNH",0,6.71161,6.71239,0
2022-07-06,80452825,"IDEALPRO","USD.CNH",0,6.71155,6.71228,0
2022-07-06,80453939,"IDEALPRO","USD.CNH",0,6.7115,6.71226,0
2022-07-06,80454848,"IDEALPRO","USD.CNH",0,6.71146,6.71226,0
2022-07-06,80456896,"IDEALPRO","USD.CNH",0,6.71148,6.71228,0
2022-07-06,80457787,"IDEALPRO","USD.CNH",0,6.71149,6.71227,0
2022-07-06,80458901,"IDEALPRO","USD.CNH",0,6.7115,6.71228,0
2022-07-06,80459794,"IDEALPRO","USD.CNH",0,6.71147,6.71227,0
2022-07-06,80500683,"IDEALPRO","USD.CNH",0,6.71144,6.71226,0
2022-07-06,80504699,"IDEALPRO","USD.CNH",0,6.71147,6.7123,0
2022-07-06,80506537,"IDEALPRO","USD.CNH",0,6.71132,6.71216,0
2022-07-06,80507429,"IDEALPRO","USD.CNH",0,6.71134,6.71208,0
2022-07-06,80511887,"IDEALPRO","USD.CNH",0,6.7116,6.71236,0
2022-07-06,80512779,"IDEALPRO","USD.CNH",0,6.71153,6.71228,0
2022-07-06,80513670,"IDEALPRO","USD.CNH",0,6.71153,6.71233,0
2022-07-06,80514116,"IDEALPRO","USD.CNH",0,6.71153,6.71233,0
2022-07-06,80515940,"IDEALPRO","USD.CNH",0,6.71146,6.71226,0
2022-07-06,80516163,"IDEALPRO","USD.CNH",0,6.71146,6.71223,0
2022-07-06,80517947,"IDEALPRO","USD.CNH",0,6.71145,6.71202,0
2022-07-06,80519955,"IDEALPRO","USD.CNH",0,6.71141,6.71196,0
2022-07-06,80520400,"IDEALPRO","USD.CNH",0,6.71144,6.71196,0
2022-07-06,80523297,"IDEALPRO","USD.CNH",0,6.71148,6.71196,0
2022-07-06,80524634,"IDEALPRO","USD.CNH",0,6.71247,6.71296,0
2022-07-06,80525789,"IDEALPRO","USD.CNH",0,6.71243,6.71288,0
2022-07-06,80526458,"IDEALPRO","USD.CNH",0,6.71236,6.71288,0
2022-07-06,80530694,"IDEALPRO","USD.CNH",0,6.71231,6.713,0
2022-07-06,80532699,"IDEALPRO","USD.CNH",0,6.71234,6.71301,0
2022-07-06,80535656,"IDEALPRO","USD.CNH",0,6.7123,6.71301,0
2022-07-06,80536102,"IDEALPRO","USD.CNH",0,6.71234,6.71301,0
2022-07-06,80540561,"IDEALPRO","USD.CNH",0,6.71236,6.71299,0
2022-07-06,80541675,"IDEALPRO","USD.CNH",0,6.71243,6.71298,0
2022-07-06,80542345,"IDEALPRO","USD.CNH",0,6.71248,6.71298,0
2022-07-06,80544351,"IDEALPRO","USD.CNH",0,6.71238,6.71297,0
2022-07-06,80545506,"IDEALPRO","USD.CNH",0,6.71248,6.71298,0
2022-07-06,80550855,"IDEALPRO","USD.CNH",0,6.71277,6.71312,0
2022-07-06,80551968,"IDEALPRO","USD.CNH",0,6.71277,6.71312,0
2022-07-06,80552192,"IDEALPRO","USD.CNH",0,6.71277,6.71311,0
2022-07-06,80553083,"IDEALPRO","USD.CNH",0,6.71277,6.71312,0
2022-07-06,80554867,"IDEALPRO","USD.CNH",0,6.71277,6.71304,0
2022-07-06,80555351,"IDEALPRO","USD.CNH",0,6.71277,6.71307,0
2022-07-06,80556911,"IDEALPRO","USD.CNH",0,6.7126,6.7128,0
2022-07-06,80557133,"IDEALPRO","USD.CNH",0,6.71257,6.7128,0
2022-07-06,80558472,"IDEALPRO","USD.CNH",0,6.71254,6.7128,0
2022-07-06,80559587,"IDEALPRO","USD.CNH",0,6.71254,6.71285,0
2022-07-06,80603153,"IDEALPRO","USD.CNH",0,6.71243,6.71285,0
2022-07-06,80604492,"IDEALPRO","USD.CNH",0,6.71237,6.71285,0
2022-07-06,80605173,"IDEALPRO","USD.CNH",0,6.71243,6.71285,0
2022-07-06,80608569,"IDEALPRO","USD.CNH",0,6.71237,6.71285,0
2022-07-06,80609906,"IDEALPRO","USD.CNH",0,6.71243,6.71283,0
2022-07-06,80610574,"IDEALPRO","USD.CNH",0,6.71237,6.71283,0
2022-07-06,80611020,"IDEALPRO","USD.CNH",0,6.71246,6.71283,0
2022-07-06,80612804,"IDEALPRO","USD.CNH",0,6.71246,6.71283,0
2022-07-06,80613918,"IDEALPRO","USD.CNH",0,6.71246,6.71283,0
2022-07-06,80614364,"IDEALPRO","USD.CNH",0,6.7124,6.71283,0
2022-07-06,80616678,"IDEALPRO","USD.CNH",0,6.7124,6.71285,0
2022-07-06,80617803,"IDEALPRO","USD.CNH",0,6.71235,6.71285,0
2022-07-06,80618918,"IDEALPRO","USD.CNH",0,6.71236,6.71285,0
2022-07-06,80619587,"IDEALPRO","USD.CNH",0,6.71232,6.71285,0
2022-07-06,80620925,"IDEALPRO","USD.CNH",0,6.71232,6.71285,0
2022-07-06,80621816,"IDEALPRO","USD.CNH",0,6.71236,6.7128,0
2022-07-06,80622707,"IDEALPRO","USD.CNH",0,6.71236,6.7128,0
2022-07-06,80626763,"IDEALPRO","USD.CNH",0,6.71232,6.7128,0
2022-07-06,80627655,"IDEALPRO","USD.CNH",0,6.71236,6.71278,0
2022-07-06,80630553,"IDEALPRO","USD.CNH",0,6.71162,6.7118,0
2022-07-06,80633899,"IDEALPRO","USD.CNH",0,6.71162,6.71193,0
2022-07-06,80634345,"IDEALPRO","USD.CNH",0,6.71162,6.71188,0
2022-07-06,80635014,"IDEALPRO","USD.CNH",0,6.71162,6.71191,0
2022-07-06,80647910,"IDEALPRO","USD.CNH",0,6.71162,6.71195,0
2022-07-06,80649683,"IDEALPRO","USD.CNH",0,6.71162,6.71193,0
2022-07-06,80650863,"IDEALPRO","USD.CNH",0,6.71162,6.71191,0
2022-07-06,80652439,"IDEALPRO","USD.CNH",0,6.71162,6.71198,0
2022-07-06,80654727,"IDEALPRO","USD.CNH",0,6.71162,6.71199,0
2022-07-06,80655578,"IDEALPRO","USD.CNH",0,6.71162,6.71199,0
2022-07-06,80657746,"IDEALPRO","USD.CNH",0,6.71162,6.71204,0
2022-07-06,80659715,"IDEALPRO","USD.CNH",0,6.71162,6.71208,0
2022-07-06,80701684,"IDEALPRO","USD.CNH",0,6.7116,6.71206,0
2022-07-06,80702669,"IDEALPRO","USD.CNH",0,6.7116,6.71208,0
2022-07-06,80703851,"IDEALPRO","USD.CNH",0,6.7116,6.71203,0
2022-07-06,80706860,"IDEALPRO","USD.CNH",0,6.7116,6.71198,0
2022-07-06,80707057,"IDEALPRO","USD.CNH",0,6.7116,6.71202,0
2022-07-06,80711465,"IDEALPRO","USD.CNH",0,6.7116,6.71198,0
2022-07-06,80713828,"IDEALPRO","USD.CNH",0,6.7116,6.71198,0
2022-07-06,80714813,"IDEALPRO","USD.CNH",0,6.7115,6.71198,0
2022-07-06,80719732,"IDEALPRO","USD.CNH",0,6.7115,6.71202,0
2022-07-06,80720845,"IDEALPRO","USD.CNH",0,6.7115,6.71202,0
2022-07-06,80722459,"IDEALPRO","USD.CNH",0,6.7115,6.71198,0
2022-07-06,80727624,"IDEALPRO","USD.CNH",0,6.7115,6.71202,0
2022-07-06,80728514,"IDEALPRO","USD.CNH",0,6.7115,6.71198,0
2022-07-06,80732154,"IDEALPRO","USD.CNH",0,6.7115,6.71191,0
2022-07-06,80735983,"IDEALPRO","USD.CNH",0,6.71131,6.71159,0
2022-07-06,80736205,"IDEALPRO","USD.CNH",0,6.711,6.71136,0
2022-07-06,80737336,"IDEALPRO","USD.CNH",0,6.711,6.71141,0
2022-07-06,80739995,"IDEALPRO","USD.CNH",0,6.70976,6.71023,0
2022-07-06,80740888,"IDEALPRO","USD.CNH",0,6.70977,6.71042,0
2022-07-06,80741779,"IDEALPRO","USD.CNH",0,6.70991,6.7106,0
2022-07-06,80742895,"IDEALPRO","USD.CNH",0,6.70982,6.71047,0
2022-07-06,80743564,"IDEALPRO","USD.CNH",0,6.70982,6.71052,0
2022-07-06,80744902,"IDEALPRO","USD.CNH",0,6.7099,6.71057,0
2022-07-06,80745166,"IDEALPRO","USD.CNH",0,6.7099,6.71053,0
2022-07-06,80746279,"IDEALPRO","USD.CNH",0,6.7099,6.71054,0
2022-07-06,80747394,"IDEALPRO","USD.CNH",0,6.7099,6.71053,0
2022-07-06,80751851,"IDEALPRO","USD.CNH",0,6.7098,6.71053,0
2022-07-06,80752742,"IDEALPRO","USD.CNH",0,6.70981,6.71054,0
2022-07-06,80757910,"IDEALPRO","USD.CNH",0,6.70984,6.71054,0
2022-07-06,80800808,"IDEALPRO","USD.CNH",0,6.70981,6.71054,0
2022-07-06,80801699,"IDEALPRO","USD.CNH",0,6.70986,6.71055,0
2022-07-06,80803482,"IDEALPRO","USD.CNH",0,6.70986,6.71051,0
2022-07-06,80807838,"IDEALPRO","USD.CNH",0,6.70989,6.71065,0
2022-07-06,80808952,"IDEALPRO","USD.CNH",0,6.70988,6.71058,0
2022-07-06,80809844,"IDEALPRO","USD.CNH",0,6.70991,6.71056,0
2022-07-06,80810959,"IDEALPRO","USD.CNH",0,6.70976,6.71056,0
2022-07-06,80811850,"IDEALPRO","USD.CNH",0,6.70988,6.71057,0
2022-07-06,80812965,"IDEALPRO","USD.CNH",0,6.70977,6.71058,0
2022-07-06,80813856,"IDEALPRO","USD.CNH",0,6.70976,6.71057,0
2022-07-06,80814986,"IDEALPRO","USD.CNH",0,6.70988,6.71033,0
2022-07-06,80815918,"IDEALPRO","USD.CNH",0,6.70977,6.71033,0
2022-07-06,80816809,"IDEALPRO","USD.CNH",0,6.70988,6.71033,0
2022-07-06,80836302,"IDEALPRO","USD.CNH",0,6.70988,6.71034,0
2022-07-06,80838976,"IDEALPRO","USD.CNH",0,6.70973,6.71034,0
2022-07-06,80839868,"IDEALPRO","USD.CNH",0,6.70991,6.71034,0
2022-07-06,80840983,"IDEALPRO","USD.CNH",0,6.70979,6.71028,0
2022-07-06,80841874,"IDEALPRO","USD.CNH",0,6.70979,6.71028,0
2022-07-06,80842989,"IDEALPRO","USD.CNH",0,6.70963,6.71013,0
2022-07-06,80843882,"IDEALPRO","USD.CNH",0,6.71004,6.71053,0
2022-07-06,80844996,"IDEALPRO","USD.CNH",0,6.71002,6.71053,0
2022-07-06,80845258,"IDEALPRO","USD.CNH",0,6.71002,6.7107,0
2022-07-06,80847488,"IDEALPRO","USD.CNH",0,6.7101,6.7107,0
2022-07-06,80848826,"IDEALPRO","USD.CNH",0,6.70994,6.71057,0
2022-07-06,80849718,"IDEALPRO","USD.CNH",0,6.7099,6.7107,0
2022-07-06,80850833,"IDEALPRO","USD.CNH",0,6.70973,6.71045,0
2022-07-06,80851056,"IDEALPRO","USD.CNH",0,6.70968,6.71045,0
2022-07-06,80853953,"IDEALPRO","USD.CNH",0,6.71024,6.71113,0
2022-07-06,80854863,"IDEALPRO","USD.CNH",0,6.7103,6.71121,0
2022-07-06,80855793,"IDEALPRO","USD.CNH",0,6.7103,6.71121,0
2022-07-06,80900697,"IDEALPRO","USD.CNH",0,6.71012,6.71093,0
2022-07-06,80901811,"IDEALPRO","USD.CNH",0,6.71011,6.71092,0
2022-07-06,80903817,"IDEALPRO","USD.CNH",0,6.71003,6.71082,0
2022-07-06,80904931,"IDEALPRO","USD.CNH",0,6.71003,6.71085,0
2022-07-06,80905433,"IDEALPRO","USD.CNH",0,6.71013,6.71102,0
2022-07-06,80906326,"IDEALPRO","USD.CNH",0,6.71012,6.71102,0
2022-07-06,80915396,"IDEALPRO","USD.CNH",0,6.71008,6.71088,0
2022-07-06,80916734,"IDEALPRO","USD.CNH",0,6.71014,6.71088,0
2022-07-06,80920989,"IDEALPRO","USD.CNH",0,6.71061,6.71111,0
2022-07-06,80921881,"IDEALPRO","USD.CNH",0,6.71056,6.71111,0
2022-07-06,80922772,"IDEALPRO","USD.CNH",0,6.71061,6.71111,0
2022-07-06,80923887,"IDEALPRO","USD.CNH",0,6.71064,6.71127,0
2022-07-06,80925002,"IDEALPRO","USD.CNH",0,6.71064,6.71122,0
2022-07-06,80931505,"IDEALPRO","USD.CNH",0,6.71066,6.71122,0
2022-07-06,80934667,"IDEALPRO","USD.CNH",0,6.71061,6.71119,0
2022-07-06,80935598,"IDEALPRO","USD.CNH",0,6.71067,6.71113,0
2022-07-06,80936267,"IDEALPRO","USD.CNH",0,6.71065,6.71113,0
2022-07-06,80939385,"IDEALPRO","USD.CNH",0,6.71062,6.71113,0
2022-07-06,80942798,"IDEALPRO","USD.CNH",0,6.71062,6.71116,0
2022-07-06,80945599,"IDEALPRO","USD.CNH",0,6.71062,6.71136,0
2022-07-06,80946489,"IDEALPRO","USD.CNH",0,6.71054,6.71126,0
2022-07-06,80949163,"IDEALPRO","USD.CNH",0,6.71054,6.71127,0
2022-07-06,80952512,"IDEALPRO","USD.CNH",0,6.71056,6.71127,0
2022-07-06,80953671,"IDEALPRO","USD.CNH",0,6.71054,6.71127,0
2022-07-06,80954116,"IDEALPRO","USD.CNH",0,6.71054,6.71127,0
2022-07-06,80959404,"IDEALPRO","USD.CNH",0,6.71055,6.71127,0
2022-07-06,81002889,"IDEALPRO","USD.CNH",0,6.71069,6.71143,0
2022-07-06,81003558,"IDEALPRO","USD.CNH",0,6.71087,6.71153,0
2022-07-06,81006291,"IDEALPRO","USD.CNH",0,6.71086,6.71153,0
2022-07-06,81016052,"IDEALPRO","USD.CNH",0,6.71072,6.71153,0
2022-07-06,81019395,"IDEALPRO","USD.CNH",0,6.71075,6.71155,0
2022-07-06,81026966,"IDEALPRO","USD.CNH",0,6.71027,6.7111,0
2022-07-06,81027412,"IDEALPRO","USD.CNH",0,6.71021,6.71103,0
2022-07-06,81028973,"IDEALPRO","USD.CNH",0,6.71042,6.71121,0
2022-07-06,81029864,"IDEALPRO","USD.CNH",0,6.71021,6.71119,0
2022-07-06,81030757,"IDEALPRO","USD.CNH",0,6.71035,6.71119,0
2022-07-06,81031648,"IDEALPRO","USD.CNH",0,6.71039,6.71119,0
2022-07-06,81032985,"IDEALPRO","USD.CNH",0,6.71043,6.71119,0
2022-07-06,81033879,"IDEALPRO","USD.CNH",0,6.71056,6.71137,0
2022-07-06,81034101,"IDEALPRO","USD.CNH",0,6.71064,6.71147,0
2022-07-06,81036369,"IDEALPRO","USD.CNH",0,6.71064,6.71145,0
2022-07-06,81042390,"IDEALPRO","USD.CNH",0,6.71067,6.71145,0
2022-07-06,81043951,"IDEALPRO","USD.CNH",0,6.71067,6.71146,0
2022-07-06,81044173,"IDEALPRO","USD.CNH",0,6.71069,6.71146,0
2022-07-06,81045328,"IDEALPRO","USD.CNH",0,6.71067,6.71147,0
2022-07-06,81046220,"IDEALPRO","USD.CNH",0,6.71076,6.71149,0
2022-07-06,81047780,"IDEALPRO","USD.CNH",0,6.71084,6.7115,0
2022-07-06,81048672,"IDEALPRO","USD.CNH",0,6.71084,6.71154,0
2022-07-06,81052685,"IDEALPRO","USD.CNH",0,6.71084,6.71157,0
2022-07-06,81058296,"IDEALPRO","USD.CNH",0,6.71088,6.71157,0
2022-07-06,81059187,"IDEALPRO","USD.CNH",0,6.71083,6.71157,0
2022-07-06,81106849,"IDEALPRO","USD.CNH",0,6.7107,6.71144,0
2022-07-06,81107965,"IDEALPRO","USD.CNH",0,6.71078,6.71144,0
2022-07-06,81108856,"IDEALPRO","USD.CNH",0,6.71087,6.71176,0
2022-07-06,81109970,"IDEALPRO","USD.CNH",0,6.71089,6.71165,0
2022-07-06,81116489,"IDEALPRO","USD.CNH",0,6.71078,6.71163,0
2022-07-06,81120886,"IDEALPRO","USD.CNH",0,6.71103,6.71175,0
2022-07-06,81121779,"IDEALPRO","USD.CNH",0,6.71182,6.71274,0
2022-07-06,81122449,"IDEALPRO","USD.CNH",0,6.71183,6.71269,0
2022-07-06,81124917,"IDEALPRO","USD.CNH",0,6.71185,6.71281,0
2022-07-06,81126788,"IDEALPRO","USD.CNH",0,6.71182,6.71274,0
2022-07-06,81127901,"IDEALPRO","USD.CNH",0,6.71174,6.71249,0
2022-07-06,81128124,"IDEALPRO","USD.CNH",0,6.71171,6.71259,0
2022-07-06,81129907,"IDEALPRO","USD.CNH",0,6.71172,6.7126,0
2022-07-06,81130798,"IDEALPRO","USD.CNH",0,6.71174,6.71265,0
2022-07-06,81131528,"IDEALPRO","USD.CNH",0,6.71175,6.71272,0
2022-07-06,81132196,"IDEALPRO","USD.CNH",0,6.7118,6.71272,0
2022-07-06,81133088,"IDEALPRO","USD.CNH",0,6.7118,6.71274,0
2022-07-06,81135804,"IDEALPRO","USD.CNH",0,6.7118,6.71272,0
2022-07-06,81136249,"IDEALPRO","USD.CNH",0,6.7118,6.71273,0
2022-07-06,81142712,"IDEALPRO","USD.CNH",0,6.71175,6.71273,0
2022-07-06,81143946,"IDEALPRO","USD.CNH",0,6.71172,6.71271,0
2022-07-06,81144170,"IDEALPRO","USD.CNH",0,6.71167,6.71256,0
2022-07-06,81145992,"IDEALPRO","USD.CNH",0,6.71165,6.71256,0
2022-07-06,81146661,"IDEALPRO","USD.CNH",0,6.71188,6.71261,0
2022-07-06,81159943,"IDEALPRO","USD.CNH",0,6.71181,6.71261,0
2022-07-06,81203956,"IDEALPRO","USD.CNH",0,6.71171,6.7126,0
2022-07-06,81205086,"IDEALPRO","USD.CNH",0,6.71171,6.71259,0
2022-07-06,81208692,"IDEALPRO","USD.CNH",0,6.71165,6.71244,0
2022-07-06,81209362,"IDEALPRO","USD.CNH",0,6.71173,6.71244,0
2022-07-06,81210922,"IDEALPRO","USD.CNH",0,6.71178,6.71245,0
2022-07-06,81211144,"IDEALPRO","USD.CNH",0,6.71178,6.71245,0
2022-07-06,81213595,"IDEALPRO","USD.CNH",0,6.7118,6.71245,0
2022-07-06,81216979,"IDEALPRO","USD.CNH",0,6.71148,6.71238,0
2022-07-06,81217647,"IDEALPRO","USD.CNH",0,6.71136,6.71223,0
2022-07-06,81220545,"IDEALPRO","USD.CNH",0,6.71125,6.71208,0
2022-07-06,81221883,"IDEALPRO","USD.CNH",0,6.7112,6.71203,0
2022-07-06,81223890,"IDEALPRO","USD.CNH",0,6.71121,6.71203,0
2022-07-06,81224558,"IDEALPRO","USD.CNH",0,6.7112,6.71203,0
2022-07-06,81225244,"IDEALPRO","USD.CNH",0,6.7112,6.71203,0
2022-07-06,81226620,"IDEALPRO","USD.CNH",0,6.71118,6.71208,0
2022-07-06,81227735,"IDEALPRO","USD.CNH",0,6.7112,6.71208,0
2022-07-06,81231974,"IDEALPRO","USD.CNH",0,6.71053,6.71156,0
2022-07-06,81232865,"IDEALPRO","USD.CNH",0,6.71053,6.71168,0
2022-07-06,81233678,"IDEALPRO","USD.CNH",0,6.71053,6.71148,0
2022-07-06,81235948,"IDEALPRO","USD.CNH",0,6.71049,6.71148,0
2022-07-06,81236393,"IDEALPRO","USD.CNH",0,6.71049,6.71144,0
2022-07-06,81238622,"IDEALPRO","USD.CNH",0,6.71053,6.71144,0
2022-07-06,81239068,"IDEALPRO","USD.CNH",0,6.71049,6.71144,0
2022-07-06,81240853,"IDEALPRO","USD.CNH",0,6.71049,6.71135,0
2022-07-06,81241968,"IDEALPRO","USD.CNH",0,6.71037,6.71135,0
2022-07-06,81242447,"IDEALPRO","USD.CNH",0,6.71039,6.71135,0
2022-07-06,81243117,"IDEALPRO","USD.CNH",0,6.71037,6.71135,0
2022-07-06,81245608,"IDEALPRO","USD.CNH",0,6.71035,6.71127,0
2022-07-06,81246053,"IDEALPRO","USD.CNH",0,6.71033,6.71127,0
2022-07-06,81247168,"IDEALPRO","USD.CNH",0,6.71065,6.71144,0
2022-07-06,81252741,"IDEALPRO","USD.CNH",0,6.71065,6.7114,0
2022-07-06,81253411,"IDEALPRO","USD.CNH",0,6.71069,6.71144,0
2022-07-06,81259916,"IDEALPRO","USD.CNH",0,6.71104,6.71193,0
2022-07-06,81300585,"IDEALPRO","USD.CNH",0,6.71101,6.71181,0
2022-07-06,81301923,"IDEALPRO","USD.CNH",0,6.71084,6.71158,0
2022-07-06,81302815,"IDEALPRO","USD.CNH",0,6.71084,6.71145,0
2022-07-06,81303930,"IDEALPRO","USD.CNH",0,6.71074,6.71152,0
2022-07-06,81304821,"IDEALPRO","USD.CNH",0,6.71074,6.71144,0
2022-07-06,81305992,"IDEALPRO","USD.CNH",0,6.71084,6.71135,0
2022-07-06,81306439,"IDEALPRO","USD.CNH",0,6.71073,6.71132,0
2022-07-06,81311345,"IDEALPRO","USD.CNH",0,6.71081,6.71132,0
2022-07-06,81312906,"IDEALPRO","USD.CNH",0,6.71076,6.71127,0
2022-07-06,81313351,"IDEALPRO","USD.CNH",0,6.71076,6.71123,0
2022-07-06,81314911,"IDEALPRO","USD.CNH",0,6.71076,6.71119,0
2022-07-06,81315397,"IDEALPRO","USD.CNH",0,6.71076,6.71127,0
2022-07-06,81317226,"IDEALPRO","USD.CNH",0,6.71037,6.71127,0
2022-07-06,81318564,"IDEALPRO","USD.CNH",0,6.71038,6.71127,0
2022-07-06,81323468,"IDEALPRO","USD.CNH",0,6.71082,6.71147,0
2022-07-06,81324582,"IDEALPRO","USD.CNH",0,6.71074,6.71134,0
2022-07-06,81325028,"IDEALPRO","USD.CNH",0,6.7108,6.7114,0
2022-07-06,81330417,"IDEALPRO","USD.CNH",0,6.71083,6.71144,0
2022-07-06,81334654,"IDEALPRO","USD.CNH",0,6.71078,6.71138,0
2022-07-06,81335809,"IDEALPRO","USD.CNH",0,6.71074,6.71147,0
2022-07-06,81341848,"IDEALPRO","USD.CNH",0,6.71117,6.71196,0
2022-07-06,81342740,"IDEALPRO","USD.CNH",0,6.71118,6.71211,0
2022-07-06,81343855,"IDEALPRO","USD.CNH",0,6.71122,6.71216,0
2022-07-06,81344970,"IDEALPRO","USD.CNH",0,6.71104,6.71191,0
2022-07-06,81345901,"IDEALPRO","USD.CNH",0,6.71103,6.71189,0
2022-07-06,81346792,"IDEALPRO","USD.CNH",0,6.71105,6.71197,0
2022-07-06,81347461,"IDEALPRO","USD.CNH",0,6.7113,6.71206,0
2022-07-06,81351597,"IDEALPRO","USD.CNH",0,6.71128,6.71202,0
2022-07-06,81353968,"IDEALPRO","USD.CNH",0,6.71119,6.71196,0
2022-07-06,81354860,"IDEALPRO","USD.CNH",0,6.71127,6.71196,0
2022-07-06,81355791,"IDEALPRO","USD.CNH",0,6.71123,6.71188,0
2022-07-06,81356906,"IDEALPRO","USD.CNH",0,6.71123,6.71191,0
2022-07-06,81400694,"IDEALPRO","USD.CNH",0,6.71109,6.71188,0
2022-07-06,81401586,"IDEALPRO","USD.CNH",0,6.71109,6.7118,0
2022-07-06,81402032,"IDEALPRO","USD.CNH",0,6.71109,6.71188,0
2022-07-06,81403370,"IDEALPRO","USD.CNH",0,6.71109,6.71193,0
2022-07-06,81404931,"IDEALPRO","USD.CNH",0,6.71088,6.71182,0
2022-07-06,81405880,"IDEALPRO","USD.CNH",0,6.71058,6.71147,0
2022-07-06,81406994,"IDEALPRO","USD.CNH",0,6.71065,6.71143,0
2022-07-06,81407885,"IDEALPRO","USD.CNH",0,6.7107,6.71138,0
2022-07-06,81408999,"IDEALPRO","USD.CNH",0,6.71078,6.71139,0
2022-07-06,81409891,"IDEALPRO","USD.CNH",0,6.71078,6.7114,0
2022-07-06,81410783,"IDEALPRO","USD.CNH",0,6.71078,6.71144,0
2022-07-06,81411897,"IDEALPRO","USD.CNH",0,6.71084,6.71145,0
2022-07-06,81412566,"IDEALPRO","USD.CNH",0,6.71081,6.71149,0
2022-07-06,81413234,"IDEALPRO","USD.CNH",0,6.71083,6.71144,0
2022-07-06,81414349,"IDEALPRO","USD.CNH",0,6.71078,6.71144,0
2022-07-06,81415742,"IDEALPRO","USD.CNH",0,6.71082,6.71144,0
2022-07-06,81416856,"IDEALPRO","USD.CNH",0,6.71082,6.7114,0
2022-07-06,81417748,"IDEALPRO","USD.CNH",0,6.71082,6.71126,0
2022-07-06,81421556,"IDEALPRO","USD.CNH",0,6.71082,6.71135,0
2022-07-06,81423348,"IDEALPRO","USD.CNH",0,6.71073,6.71135,0
2022-07-06,81424461,"IDEALPRO","USD.CNH",0,6.71078,6.71135,0
2022-07-06,81425616,"IDEALPRO","USD.CNH",0,6.7107,6.71122,0
2022-07-06,81426508,"IDEALPRO","USD.CNH",0,6.71076,6.71122,0
2022-07-06,81428737,"IDEALPRO","USD.CNH",0,6.71067,6.71122,0
2022-07-06,81429183,"IDEALPRO","USD.CNH",0,6.7107,6.71122,0
2022-07-06,81430743,"IDEALPRO","USD.CNH",0,6.71066,6.71122,0
2022-07-06,81431635,"IDEALPRO","USD.CNH",0,6.71061,6.71121,0
2022-07-06,81432304,"IDEALPRO","USD.CNH",0,6.71061,6.71115,0
2022-07-06,81433865,"IDEALPRO","USD.CNH",0,6.71066,6.71118,0
2022-07-06,81434311,"IDEALPRO","USD.CNH",0,6.71061,6.71118,0
2022-07-06,81441706,"IDEALPRO","USD.CNH",0,6.7107,6.71115,0
2022-07-06,81442153,"IDEALPRO","USD.CNH",0,6.71069,6.71115,0
2022-07-06,81447986,"IDEALPRO","USD.CNH",0,6.71066,6.71126,0
2022-07-06,81450662,"IDEALPRO","USD.CNH",0,6.71066,6.71126,0
2022-07-06,81518594,"IDEALPRO","USD.CNH",0,6.71061,6.71122,0
2022-07-06,81519485,"IDEALPRO","USD.CNH",0,6.71056,6.71118,0
2022-07-06,81524389,"IDEALPRO","USD.CNH",0,6.71066,6.71126,0
2022-07-06,81525766,"IDEALPRO","USD.CNH",0,6.71061,6.71122,0
2022-07-06,81526212,"IDEALPRO","USD.CNH",0,6.71066,6.71126,0
2022-07-06,81535906,"IDEALPRO","USD.CNH",0,6.71067,6.71127,0
2022-07-06,81547717,"IDEALPRO","USD.CNH",0,6.71072,6.71132,0
2022-07-06,81554923,"IDEALPRO","USD.CNH",0,6.71075,6.71135,0
2022-07-06,81555407,"IDEALPRO","USD.CNH",0,6.71082,6.7114,0
2022-07-06,81556522,"IDEALPRO","USD.CNH",0,6.71078,6.71138,0
2022-07-06,81606927,"IDEALPRO","USD.CNH",0,6.71074,6.71134,0
2022-07-06,81611831,"IDEALPRO","USD.CNH",0,6.71082,6.71152,0
2022-07-06,81612277,"IDEALPRO","USD.CNH",0,6.71082,6.71152,0
2022-07-06,81613423,"IDEALPRO","USD.CNH",0,6.71082,6.71152,0
2022-07-06,81616586,"IDEALPRO","USD.CNH",0,6.71082,6.71148,0
2022-07-06,81618593,"IDEALPRO","USD.CNH",0,6.7109,6.71153,0
2022-07-06,81619263,"IDEALPRO","USD.CNH",0,6.71088,6.71156,0
2022-07-06,81620376,"IDEALPRO","USD.CNH",0,6.71085,6.71156,0
2022-07-06,81622382,"IDEALPRO","USD.CNH",0,6.71081,6.71152,0
2022-07-06,81623942,"IDEALPRO","USD.CNH",0,6.71084,6.71154,0
2022-07-06,81625987,"IDEALPRO","USD.CNH",0,6.71084,6.71154,0
2022-07-06,81631603,"IDEALPRO","USD.CNH",0,6.71084,6.71156,0
2022-07-06,81632941,"IDEALPRO","USD.CNH",0,6.71084,6.71155,0
2022-07-06,81639869,"IDEALPRO","USD.CNH",0,6.71084,6.71156,0
2022-07-06,81640760,"IDEALPRO","USD.CNH",0,6.71084,6.71156,0
2022-07-06,81642990,"IDEALPRO","USD.CNH",0,6.7109,6.71156,0
2022-07-06,81648599,"IDEALPRO","USD.CNH",0,6.71084,6.71154,0
2022-07-06,81649269,"IDEALPRO","USD.CNH",0,6.71084,6.71152,0
2022-07-06,81653501,"IDEALPRO","USD.CNH",0,6.71084,6.71151,0
2022-07-06,81655547,"IDEALPRO","USD.CNH",0,6.71086,6.71151,0
2022-07-06,81656950,"IDEALPRO","USD.CNH",0,6.71082,6.71148,0
2022-07-06,81657619,"IDEALPRO","USD.CNH",0,6.71082,6.71144,0
2022-07-06,81658733,"IDEALPRO","USD.CNH",0,6.71082,6.71147,0
2022-07-06,81700071,"IDEALPRO","USD.CNH",0,6.71082,6.71141,0
2022-07-06,81701854,"IDEALPRO","USD.CNH",0,6.71078,6.71145,0
2022-07-06,81708558,"IDEALPRO","USD.CNH",0,6.71079,6.71145,0
2022-07-06,81711865,"IDEALPRO","USD.CNH",0,6.71078,6.71145,0
2022-07-06,81717032,"IDEALPRO","USD.CNH",0,6.71081,6.71147,0
2022-07-06,81724387,"IDEALPRO","USD.CNH",0,6.71088,6.71155,0
2022-07-06,81729473,"IDEALPRO","USD.CNH",0,6.71088,6.71153,0
2022-07-06,81731703,"IDEALPRO","USD.CNH",0,6.71088,6.71153,0
2022-07-06,81732817,"IDEALPRO","USD.CNH",0,6.71088,6.71149,0
2022-07-06,81733932,"IDEALPRO","USD.CNH",0,6.71078,6.71141,0
2022-07-06,81734378,"IDEALPRO","USD.CNH",0,6.71126,6.71188,0
2022-07-06,81735977,"IDEALPRO","USD.CNH",0,6.71129,6.71187,0
2022-07-06,81737762,"IDEALPRO","USD.CNH",0,6.71129,6.71183,0
2022-07-06,81738697,"IDEALPRO","USD.CNH",0,6.71129,6.7119,0
2022-07-06,81739588,"IDEALPRO","USD.CNH",0,6.71129,6.71187,0
2022-07-06,81740702,"IDEALPRO","USD.CNH",0,6.71129,6.71189,0
2022-07-06,81741678,"IDEALPRO","USD.CNH",0,6.71129,6.71189,0
2022-07-06,81742124,"IDEALPRO","USD.CNH",0,6.71129,6.71183,0
2022-07-06,81743908,"IDEALPRO","USD.CNH",0,6.71129,6.71183,0
2022-07-06,81745286,"IDEALPRO","USD.CNH",0,6.71126,6.71183,0
2022-07-06,81748629,"IDEALPRO","USD.CNH",0,6.71126,6.71187,0
2022-07-06,81749967,"IDEALPRO","USD.CNH",0,6.71126,6.7119,0
2022-07-06,81752863,"IDEALPRO","USD.CNH",0,6.71117,6.71165,0
2022-07-06,81753979,"IDEALPRO","USD.CNH",0,6.7112,6.71179,0
2022-07-06,81754202,"IDEALPRO","USD.CNH",0,6.71122,6.71182,0
2022-07-06,81756489,"IDEALPRO","USD.CNH",0,6.71122,6.71179,0
2022-07-06,81757603,"IDEALPRO","USD.CNH",0,6.71122,6.71182,0
2022-07-06,81817003,"IDEALPRO","USD.CNH",0,6.71121,6.71181,0
2022-07-06,81825949,"IDEALPRO","USD.CNH",0,6.71111,6.71165,0
2022-07-06,81826618,"IDEALPRO","USD.CNH",0,6.71103,6.71159,0
2022-07-06,81830984,"IDEALPRO","USD.CNH",0,6.71116,6.71174,0
2022-07-06,81834556,"IDEALPRO","USD.CNH",0,6.71132,6.71187,0
2022-07-06,81835934,"IDEALPRO","USD.CNH",0,6.7112,6.71181,0
2022-07-06,81836380,"IDEALPRO","USD.CNH",0,6.71117,6.71178,0
2022-07-06,81837940,"IDEALPRO","USD.CNH",0,6.71114,6.71174,0
2022-07-06,81838833,"IDEALPRO","USD.CNH",0,6.71128,6.71185,0
2022-07-06,81839279,"IDEALPRO","USD.CNH",0,6.71134,6.71185,0
2022-07-06,81852384,"IDEALPRO","USD.CNH",0,6.71129,6.71185,0
2022-07-06,81853819,"IDEALPRO","USD.CNH",0,6.71128,6.71185,0
2022-07-06,81854933,"IDEALPRO","USD.CNH",0,6.71134,6.71185,0
2022-07-06,81855599,"IDEALPRO","USD.CNH",0,6.71129,6.71185,0
2022-07-06,81856938,"IDEALPRO","USD.CNH",0,6.71193,6.71265,0
2022-07-06,81857607,"IDEALPRO","USD.CNH",0,6.71211,6.71275,0
2022-07-06,81858722,"IDEALPRO","USD.CNH",0,6.71201,6.71273,0
2022-07-06,81859615,"IDEALPRO","USD.CNH",0,6.71201,6.71273,0
2022-07-06,81900507,"IDEALPRO","USD.CNH",0,6.71178,6.71258,0
2022-07-06,81901622,"IDEALPRO","USD.CNH",0,6.71198,6.71272,0
2022-07-06,81902960,"IDEALPRO","USD.CNH",0,6.71206,6.71274,0
2022-07-06,81903629,"IDEALPRO","USD.CNH",0,6.71198,6.71274,0
2022-07-06,81904952,"IDEALPRO","USD.CNH",0,6.71202,6.71274,0
2022-07-06,81906104,"IDEALPRO","USD.CNH",0,6.71198,6.71274,0
2022-07-06,81908557,"IDEALPRO","USD.CNH",0,6.71193,6.71274,0
2022-07-06,81910787,"IDEALPRO","USD.CNH",0,6.71164,6.71245,0
2022-07-06,81911902,"IDEALPRO","USD.CNH",0,6.7118,6.71262,0
2022-07-06,81912348,"IDEALPRO","USD.CNH",0,6.71168,6.71255,0
2022-07-06,81914077,"IDEALPRO","USD.CNH",0,6.71173,6.71259,0
2022-07-06,81917237,"IDEALPRO","USD.CNH",0,6.71176,6.71259,0
2022-07-06,81920713,"IDEALPRO","USD.CNH",0,6.71176,6.71259,0
2022-07-06,81924149,"IDEALPRO","USD.CNH",0,6.71176,6.71258,0
2022-07-06,81940523,"IDEALPRO","USD.CNH",0,6.71181,6.71259,0
2022-07-06,81943893,"IDEALPRO","USD.CNH",0,6.71164,6.71226,0
2022-07-06,81944339,"IDEALPRO","USD.CNH",0,6.71159,6.71221,0
2022-07-06,81945938,"IDEALPRO","USD.CNH",0,6.71156,6.71218,0
2022-07-06,81946605,"IDEALPRO","USD.CNH",0,6.71157,6.71218,0
2022-07-06,81947498,"IDEALPRO","USD.CNH",0,6.71158,6.71216,0
2022-07-06,81950849,"IDEALPRO","USD.CNH",0,6.71164,6.71209,0
2022-07-06,81951963,"IDEALPRO","USD.CNH",0,6.71164,6.71209,0
2022-07-06,81952617,"IDEALPRO","USD.CNH",0,6.71155,6.71205,0
2022-07-06,81953731,"IDEALPRO","USD.CNH",0,6.71153,6.71205,0
2022-07-06,81954845,"IDEALPRO","USD.CNH",0,6.71126,6.71184,0
2022-07-06,81955329,"IDEALPRO","USD.CNH",0,6.71128,6.71188,0
2022-07-06,81956444,"IDEALPRO","USD.CNH",0,6.71124,6.7118,0
2022-07-06,81957558,"IDEALPRO","USD.CNH",0,6.71122,6.7118,0
2022-07-06,81958897,"IDEALPRO","USD.CNH",0,6.71116,6.71174,0
2022-07-06,81959565,"IDEALPRO","USD.CNH",0,6.71111,6.71169,0
2022-07-06,82001793,"IDEALPRO","USD.CNH",0,6.71117,6.71175,0
2022-07-06,82002461,"IDEALPRO","USD.CNH",0,6.71121,6.7118,0
2022-07-06,82003131,"IDEALPRO","USD.CNH",0,6.71117,6.71175,0
2022-07-06,82004914,"IDEALPRO","USD.CNH",0,6.71099,6.71157,0
2022-07-06,82005623,"IDEALPRO","USD.CNH",0,6.71097,6.71154,0
2022-07-06,82010067,"IDEALPRO","USD.CNH",0,6.71094,6.71154,0
2022-07-06,82011181,"IDEALPRO","USD.CNH",0,6.71097,6.71154,0
2022-07-06,82012519,"IDEALPRO","USD.CNH",0,6.71103,6.71161,0
2022-07-06,82013409,"IDEALPRO","USD.CNH",0,6.71099,6.71157,0
2022-07-06,82014745,"IDEALPRO","USD.CNH",0,6.71101,6.71154,0
2022-07-06,82015452,"IDEALPRO","USD.CNH",0,6.71101,6.71157,0
2022-07-06,82016846,"IDEALPRO","USD.CNH",0,6.71105,6.71154,0
2022-07-06,82017068,"IDEALPRO","USD.CNH",0,6.71105,6.71157,0
2022-07-06,82025986,"IDEALPRO","USD.CNH",0,6.71101,6.71157,0
2022-07-06,82026209,"IDEALPRO","USD.CNH",0,6.71101,6.71154,0
2022-07-06,82027100,"IDEALPRO","USD.CNH",0,6.71103,6.71154,0
2022-07-06,82029575,"IDEALPRO","USD.CNH",0,6.71103,6.71157,0
2022-07-06,82030911,"IDEALPRO","USD.CNH",0,6.71104,6.71153,0
2022-07-06,82031379,"IDEALPRO","USD.CNH",0,6.71104,6.71156,0
2022-07-06,82032271,"IDEALPRO","USD.CNH",0,6.71103,6.71156,0
2022-07-06,82033183,"IDEALPRO","USD.CNH",0,6.71103,6.71159,0
2022-07-06,82034968,"IDEALPRO","USD.CNH",0,6.71103,6.71159,0
2022-07-06,82035898,"IDEALPRO","USD.CNH",0,6.71114,6.7116,0
2022-07-06,82036792,"IDEALPRO","USD.CNH",0,6.71122,6.71165,0
2022-07-06,82037460,"IDEALPRO","USD.CNH",0,6.71121,6.71162,0
2022-07-06,82038575,"IDEALPRO","USD.CNH",0,6.71121,6.71161,0
2022-07-06,82039243,"IDEALPRO","USD.CNH",0,6.71121,6.7116,0
2022-07-06,82041410,"IDEALPRO","USD.CNH",0,6.71122,6.7116,0
2022-07-06,82043860,"IDEALPRO","USD.CNH",0,6.71122,6.71163,0
2022-07-06,82044975,"IDEALPRO","USD.CNH",0,6.71122,6.71164,0
2022-07-06,82045906,"IDEALPRO","USD.CNH",0,6.71122,6.7116,0
2022-07-06,82046352,"IDEALPRO","USD.CNH",0,6.71122,6.7116,0
2022-07-06,82048803,"IDEALPRO","USD.CNH",0,6.71122,6.7116,0
2022-07-06,82049472,"IDEALPRO","USD.CNH",0,6.71121,6.7116,0
2022-07-06,82051702,"IDEALPRO","USD.CNH",0,6.71123,6.71161,0
2022-07-06,82053707,"IDEALPRO","USD.CNH",0,6.71122,6.71161,0
2022-07-06,82055976,"IDEALPRO","USD.CNH",0,6.71131,6.71162,0
2022-07-06,82057348,"IDEALPRO","USD.CNH",0,6.71139,6.71162,0
2022-07-06,82058909,"IDEALPRO","USD.CNH",0,6.71137,6.71161,0
2022-07-06,82100915,"IDEALPRO","USD.CNH",0,6.71136,6.71162,0
2022-07-06,82101583,"IDEALPRO","USD.CNH",0,6.71136,6.71161,0
2022-07-06,82103812,"IDEALPRO","USD.CNH",0,6.71137,6.71161,0
2022-07-06,82104257,"IDEALPRO","USD.CNH",0,6.71136,6.71162,0
2022-07-06,82105660,"IDEALPRO","USD.CNH",0,6.71137,6.71157,0
2022-07-06,82106330,"IDEALPRO","USD.CNH",0,6.71136,6.71157,0
2022-07-06,82109451,"IDEALPRO","USD.CNH",0,6.7113,6.71167,0
2022-07-06,82110565,"IDEALPRO","USD.CNH",0,6.7113,6.71161,0
2022-07-06,82111680,"IDEALPRO","USD.CNH",0,6.7113,6.7116,0
2022-07-06,82112795,"IDEALPRO","USD.CNH",0,6.7113,6.7116,0
2022-07-06,82116547,"IDEALPRO","USD.CNH",0,6.7113,6.7116,0
2022-07-06,82117885,"IDEALPRO","USD.CNH",0,6.7113,6.71161,0
2022-07-06,82119891,"IDEALPRO","USD.CNH",0,6.71128,6.71161,0
2022-07-06,82121005,"IDEALPRO","USD.CNH",0,6.71128,6.71162,0
2022-07-06,82123902,"IDEALPRO","USD.CNH",0,6.71128,6.71161,0
2022-07-06,82124794,"IDEALPRO","USD.CNH",0,6.71128,6.71161,0
2022-07-06,82125502,"IDEALPRO","USD.CNH",0,6.71132,6.71161,0
2022-07-06,82128622,"IDEALPRO","USD.CNH",0,6.71132,6.71159,0
2022-07-06,82129958,"IDEALPRO","USD.CNH",0,6.71136,6.71161,0
2022-07-06,82147739,"IDEALPRO","USD.CNH",0,6.71142,6.71176,0
2022-07-06,82148852,"IDEALPRO","USD.CNH",0,6.71146,6.71181,0
2022-07-06,82149967,"IDEALPRO","USD.CNH",0,6.71155,6.71189,0
2022-07-06,82151973,"IDEALPRO","USD.CNH",0,6.71154,6.7119,0
2022-07-06,82154203,"IDEALPRO","USD.CNH",0,6.71154,6.71191,0
2022-07-06,82156265,"IDEALPRO","USD.CNH",0,6.71154,6.7119,0
2022-07-06,82158507,"IDEALPRO","USD.CNH",0,6.71153,6.71191,0
2022-07-06,82200879,"IDEALPRO","USD.CNH",0,6.71154,6.71191,0
2022-07-06,82204000,"IDEALPRO","USD.CNH",0,6.71153,6.71191,0
2022-07-06,82217809,"IDEALPRO","USD.CNH",0,6.71153,6.71191,0
2022-07-06,82219816,"IDEALPRO","USD.CNH",0,6.71158,6.71191,0
2022-07-06,82220039,"IDEALPRO","USD.CNH",0,6.71158,6.71192,0
2022-07-06,82222268,"IDEALPRO","USD.CNH",0,6.71158,6.71193,0
2022-07-06,82223605,"IDEALPRO","USD.CNH",0,6.71158,6.71192,0
2022-07-06,82231302,"IDEALPRO","USD.CNH",0,6.71158,6.71194,0
2022-07-06,82244493,"IDEALPRO","USD.CNH",0,6.71158,6.71196,0
2022-07-06,82245648,"IDEALPRO","USD.CNH",0,6.71159,6.71196,0
2022-07-06,82246763,"IDEALPRO","USD.CNH",0,6.71159,6.71199,0
2022-07-06,82247878,"IDEALPRO","USD.CNH",0,6.71159,6.712,0
2022-07-06,82248992,"IDEALPRO","USD.CNH",0,6.7116,6.71201,0
2022-07-06,82250106,"IDEALPRO","USD.CNH",0,6.71162,6.71202,0
2022-07-06,82252112,"IDEALPRO","USD.CNH",0,6.71162,6.71202,0
2022-07-06,82259733,"IDEALPRO","USD.CNH",0,6.71161,6.71201,0
2022-07-06,82303077,"IDEALPRO","USD.CNH",0,6.71162,6.71201,0
2022-07-06,82304414,"IDEALPRO","USD.CNH",0,6.71163,6.71202,0
2022-07-06,82306291,"IDEALPRO","USD.CNH",0,6.71163,6.71199,0
2022-07-06,82307629,"IDEALPRO","USD.CNH",0,6.71167,6.71201,0
2022-07-06,82308746,"IDEALPRO","USD.CNH",0,6.7117,6.712,0
2022-07-06,82315265,"IDEALPRO","USD.CNH",0,6.71168,6.712,0
2022-07-06,82319275,"IDEALPRO","USD.CNH",0,6.71168,6.71202,0
2022-07-06,82321726,"IDEALPRO","USD.CNH",0,6.71168,6.71201,0
2022-07-06,82329347,"IDEALPRO","USD.CNH",0,6.71168,6.71203,0
2022-07-06,82336964,"IDEALPRO","USD.CNH",0,6.71177,6.71209,0
2022-07-06,82337186,"IDEALPRO","USD.CNH",0,6.71178,6.71209,0
2022-07-06,82339863,"IDEALPRO","USD.CNH",0,6.71178,6.71208,0
2022-07-06,82340978,"IDEALPRO","USD.CNH",0,6.71231,6.71291,0
2022-07-06,82341870,"IDEALPRO","USD.CNH",0,6.71237,6.71291,0
2022-07-06,82342985,"IDEALPRO","USD.CNH",0,6.71241,6.71291,0
2022-07-06,82343654,"IDEALPRO","USD.CNH",0,6.71241,6.71296,0
2022-07-06,82344993,"IDEALPRO","USD.CNH",0,6.71233,6.71299,0
2022-07-06,82345924,"IDEALPRO","USD.CNH",0,6.71251,6.71308,0
2022-07-06,82346592,"IDEALPRO","USD.CNH",0,6.71247,6.71308,0
2022-07-06,82353726,"IDEALPRO","USD.CNH",0,6.71255,6.71318,0
2022-07-06,82354618,"IDEALPRO","USD.CNH",0,6.7126,6.71326,0
2022-07-06,82355771,"IDEALPRO","USD.CNH",0,6.71275,6.71326,0
2022-07-06,82359785,"IDEALPRO","USD.CNH",0,6.71277,6.71326,0
2022-07-06,82400899,"IDEALPRO","USD.CNH",0,6.71277,6.71326,0
2022-07-06,82401569,"IDEALPRO","USD.CNH",0,6.71275,6.71322,0
2022-07-06,82402237,"IDEALPRO","USD.CNH",0,6.71275,6.71322,0
2022-07-06,82403798,"IDEALPRO","USD.CNH",0,6.71273,6.71322,0
2022-07-06,82404691,"IDEALPRO","USD.CNH",0,6.71269,6.71322,0
2022-07-06,82405885,"IDEALPRO","USD.CNH",0,6.71371,6.71396,0
2022-07-06,82406778,"IDEALPRO","USD.CNH",0,6.71337,6.71456,0
2022-07-06,82407001,"IDEALPRO","USD.CNH",0,6.7132,6.71457,0
2022-07-06,82408116,"IDEALPRO","USD.CNH",0,6.7132,6.71459,0
2022-07-06,82411236,"IDEALPRO","USD.CNH",0,6.7132,6.71459,0
2022-07-06,82412796,"IDEALPRO","USD.CNH",0,6.71323,6.71459,0
2022-07-06,82414803,"IDEALPRO","USD.CNH",0,6.71323,6.71459,0
2022-07-06,82416850,"IDEALPRO","USD.CNH",0,6.71335,6.71436,0
2022-07-06,82417742,"IDEALPRO","USD.CNH",0,6.71334,6.71436,0
2022-07-06,82419079,"IDEALPRO","USD.CNH",0,6.71334,6.71436,0
2022-07-06,82420868,"IDEALPRO","USD.CNH",0,6.71315,6.71412,0
2022-07-06,82421091,"IDEALPRO","USD.CNH",0,6.71315,6.71412,0
2022-07-06,82426926,"IDEALPRO","USD.CNH",0,6.71329,6.71411,0
2022-07-06,82428932,"IDEALPRO","USD.CNH",0,6.71329,6.71413,0
2022-07-06,82429824,"IDEALPRO","USD.CNH",0,6.71329,6.71413,0
2022-07-06,82432276,"IDEALPRO","USD.CNH",0,6.71328,6.71413,0
2022-07-06,82433390,"IDEALPRO","USD.CNH",0,6.71329,6.71413,0
2022-07-06,82434950,"IDEALPRO","USD.CNH",0,6.71329,6.71413,0
2022-07-06,82437887,"IDEALPRO","USD.CNH",0,6.71322,6.71406,0
2022-07-06,82438780,"IDEALPRO","USD.CNH",0,6.71318,6.714,0
2022-07-06,82439226,"IDEALPRO","USD.CNH",0,6.7132,6.71396,0
2022-07-06,82440787,"IDEALPRO","USD.CNH",0,6.71319,6.71396,0
2022-07-06,82441455,"IDEALPRO","USD.CNH",0,6.71322,6.71396,0
2022-07-06,82442569,"IDEALPRO","USD.CNH",0,6.71319,6.71396,0
2022-07-06,82444852,"IDEALPRO","USD.CNH",0,6.71321,6.71396,0
2022-07-06,82448904,"IDEALPRO","USD.CNH",0,6.71323,6.71393,0
2022-07-06,82449350,"IDEALPRO","USD.CNH",0,6.71324,6.71393,0
2022-07-06,82450688,"IDEALPRO","USD.CNH",0,6.71319,6.7139,0
2022-07-06,82451357,"IDEALPRO","USD.CNH",0,6.71305,6.71379,0
2022-07-06,82452918,"IDEALPRO","USD.CNH",0,6.71304,6.71378,0
2022-07-06,82453586,"IDEALPRO","USD.CNH",0,6.71304,6.7138,0
2022-07-06,82454924,"IDEALPRO","USD.CNH",0,6.71304,6.71379,0
2022-07-06,82455856,"IDEALPRO","USD.CNH",0,6.71304,6.7138,0
2022-07-06,82456748,"IDEALPRO","USD.CNH",0,6.71306,6.71379,0
2022-07-06,82457640,"IDEALPRO","USD.CNH",0,6.71306,6.71379,0
2022-07-06,82458532,"IDEALPRO","USD.CNH",0,6.71301,6.71379,0
2022-07-06,82500345,"IDEALPRO","USD.CNH",0,6.71303,6.7138,0
2022-07-06,82501692,"IDEALPRO","USD.CNH",0,6.71303,6.7138,0
2022-07-06,82502360,"IDEALPRO","USD.CNH",0,6.71303,6.71386,0
2022-07-06,82503029,"IDEALPRO","USD.CNH",0,6.71303,6.71386,0
2022-07-06,82506329,"IDEALPRO","USD.CNH",0,6.71303,6.71387,0
2022-07-06,82509004,"IDEALPRO","USD.CNH",0,6.71303,6.71387,0
2022-07-06,82510807,"IDEALPRO","USD.CNH",0,6.71311,6.71398,0
2022-07-06,82511923,"IDEALPRO","USD.CNH",0,6.71318,6.71402,0
2022-07-06,82512814,"IDEALPRO","USD.CNH",0,6.71314,6.71393,0
2022-07-06,82513929,"IDEALPRO","USD.CNH",0,6.71312,6.71397,0
2022-07-06,82517981,"IDEALPRO","USD.CNH",0,6.71297,6.71384,0
2022-07-06,82521994,"IDEALPRO","USD.CNH",0,6.71297,6.71383,0
2022-07-06,82522663,"IDEALPRO","USD.CNH",0,6.71299,6.71383,0
2022-07-06,82533112,"IDEALPRO","USD.CNH",0,6.71299,6.71382,0
2022-07-06,82537776,"IDEALPRO","USD.CNH",0,6.71296,6.71381,0
2022-07-06,82540897,"IDEALPRO","USD.CNH",0,6.71296,6.71379,0
2022-07-06,82542680,"IDEALPRO","USD.CNH",0,6.71303,6.71392,0
2022-07-06,82543571,"IDEALPRO","USD.CNH",0,6.71308,6.71392,0
2022-07-06,82549027,"IDEALPRO","USD.CNH",0,6.71308,6.71389,0
2022-07-06,82551687,"IDEALPRO","USD.CNH",0,6.71308,6.71392,0
2022-07-06,82552655,"IDEALPRO","USD.CNH",0,6.71302,6.7139,0
2022-07-06,82553769,"IDEALPRO","USD.CNH",0,6.71302,6.7139,0
2022-07-06,82556784,"IDEALPRO","USD.CNH",0,6.71302,6.7139,0
2022-07-06,82600797,"IDEALPRO","USD.CNH",0,6.71284,6.71374,0
2022-07-06,82601019,"IDEALPRO","USD.CNH",0,6.71284,6.71373,0
2022-07-06,82606848,"IDEALPRO","USD.CNH",0,6.71284,6.71373,0
2022-07-06,82611974,"IDEALPRO","USD.CNH",0,6.71283,6.71383,0
2022-07-06,82612865,"IDEALPRO","USD.CNH",0,6.71283,6.71383,0
2022-07-06,82614971,"IDEALPRO","USD.CNH",0,6.71282,6.71382,0
2022-07-06,82615233,"IDEALPRO","USD.CNH",0,6.71282,6.71383,0
2022-07-06,82617908,"IDEALPRO","USD.CNH",0,6.71286,6.71382,0
2022-07-06,82618576,"IDEALPRO","USD.CNH",0,6.71302,6.71397,0
2022-07-06,82619244,"IDEALPRO","USD.CNH",0,6.71302,6.71397,0
2022-07-06,82621473,"IDEALPRO","USD.CNH",0,6.71302,6.71397,0
2022-07-06,82623183,"IDEALPRO","USD.CNH",0,6.71302,6.714,0
2022-07-06,82625269,"IDEALPRO","USD.CNH",0,6.7131,6.714,0
2022-07-06,82627812,"IDEALPRO","USD.CNH",0,6.71307,6.71399,0
2022-07-06,82628480,"IDEALPRO","USD.CNH",0,6.71297,6.71391,0
2022-07-06,82629819,"IDEALPRO","USD.CNH",0,6.71293,6.71389,0
2022-07-06,82630041,"IDEALPRO","USD.CNH",0,6.71293,6.7139,0
2022-07-06,82631602,"IDEALPRO","USD.CNH",0,6.71286,6.71376,0
2022-07-06,82632938,"IDEALPRO","USD.CNH",0,6.71286,6.71377,0
2022-07-06,82633607,"IDEALPRO","USD.CNH",0,6.71272,6.71365,0
2022-07-06,82635432,"IDEALPRO","USD.CNH",0,6.71273,6.71366,0
2022-07-06,82637661,"IDEALPRO","USD.CNH",0,6.71275,6.71366,0
2022-07-06,82638330,"IDEALPRO","USD.CNH",0,6.71275,6.71366,0
2022-07-06,82643750,"IDEALPRO","USD.CNH",0,6.71275,6.71366,0
2022-07-06,82647523,"IDEALPRO","USD.CNH",0,6.71275,6.71366,0
2022-07-06,82654879,"IDEALPRO","USD.CNH",0,6.71279,6.7137,0
2022-07-06,82655340,"IDEALPRO","USD.CNH",0,6.71279,6.71368,0
2022-07-06,82656863,"IDEALPRO","USD.CNH",0,6.71284,6.71379,0
2022-07-06,82657977,"IDEALPRO","USD.CNH",0,6.71284,6.71382,0
2022-07-06,82659983,"IDEALPRO","USD.CNH",0,6.71275,6.7138,0
2022-07-06,82700651,"IDEALPRO","USD.CNH",0,6.71275,6.71375,0
2022-07-06,82701988,"IDEALPRO","USD.CNH",0,6.71282,6.71375,0
2022-07-06,82708904,"IDEALPRO","USD.CNH",0,6.71282,6.7138,0
2022-07-06,82710639,"IDEALPRO","USD.CNH",0,6.71285,6.7138,0
2022-07-06,82712646,"IDEALPRO","USD.CNH",0,6.71285,6.71381,0
2022-07-06,82713768,"IDEALPRO","USD.CNH",0,6.71282,6.71381,0
2022-07-06,82715591,"IDEALPRO","USD.CNH",0,6.71282,6.71381,0
2022-07-06,82716929,"IDEALPRO","USD.CNH",0,6.71286,6.71381,0
2022-07-06,82717821,"IDEALPRO","USD.CNH",0,6.71282,6.7138,0
2022-07-06,82718490,"IDEALPRO","USD.CNH",0,6.71286,6.71381,0
2022-07-06,82719603,"IDEALPRO","USD.CNH",0,6.71285,6.71381,0
2022-07-06,82720050,"IDEALPRO","USD.CNH",0,6.71282,6.71381,0
2022-07-06,82722947,"IDEALPRO","USD.CNH",0,6.71304,6.71395,0
2022-07-06,82723393,"IDEALPRO","USD.CNH",0,6.7131,6.71403,0
2022-07-06,82725662,"IDEALPRO","USD.CNH",0,6.7131,6.71397,0
2022-07-06,82727704,"IDEALPRO","USD.CNH",0,6.7131,6.71403,0
2022-07-06,82728818,"IDEALPRO","USD.CNH",0,6.7131,6.71403,0
2022-07-06,82733970,"IDEALPRO","USD.CNH",0,6.71298,6.7139,0
2022-07-06,82734862,"IDEALPRO","USD.CNH",0,6.71295,6.71384,0
2022-07-06,82736684,"IDEALPRO","USD.CNH",0,6.71296,6.71389,0
2022-07-06,82737354,"IDEALPRO","USD.CNH",0,6.71295,6.71384,0
2022-07-06,82740536,"IDEALPRO","USD.CNH",0,6.71293,6.71381,0
2022-07-06,82745710,"IDEALPRO","USD.CNH",0,6.71291,6.71379,0
2022-07-06,82746992,"IDEALPRO","USD.CNH",0,6.71291,6.71379,0
2022-07-06,82747437,"IDEALPRO","USD.CNH",0,6.7129,6.71379,0
2022-07-06,82748996,"IDEALPRO","USD.CNH",0,6.71292,6.71379,0
2022-07-06,82749888,"IDEALPRO","USD.CNH",0,6.71291,6.71379,0
2022-07-06,82750556,"IDEALPRO","USD.CNH",0,6.71291,6.71379,0
2022-07-06,82751894,"IDEALPRO","USD.CNH",0,6.7129,6.71379,0
2022-07-06,82752563,"IDEALPRO","USD.CNH",0,6.71291,6.71379,0
2022-07-06,82753935,"IDEALPRO","USD.CNH",0,6.71291,6.71379,0
2022-07-06,82754827,"IDEALPRO","USD.CNH",0,6.71291,6.71379,0
2022-07-06,82755815,"IDEALPRO","USD.CNH",0,6.71291,6.71379,0
2022-07-06,82756930,"IDEALPRO","USD.CNH",0,6.71295,6.7138,0
2022-07-06,82757152,"IDEALPRO","USD.CNH",0,6.71294,6.7138,0
2022-07-06,82800589,"IDEALPRO","USD.CNH",0,6.71292,6.7138,0
2022-07-06,82801926,"IDEALPRO","USD.CNH",0,6.71291,6.7138,0
2022-07-06,82802593,"IDEALPRO","USD.CNH",0,6.71291,6.7138,0
2022-07-06,82803262,"IDEALPRO","USD.CNH",0,6.71292,6.7138,0
2022-07-06,82804953,"IDEALPRO","USD.CNH",0,6.71335,6.71409,0
2022-07-06,82805176,"IDEALPRO","USD.CNH",0,6.71342,6.71409,0
2022-07-06,82806153,"IDEALPRO","USD.CNH",0,6.71346,6.71421,0
2022-07-06,82807045,"IDEALPRO","USD.CNH",0,6.71346,6.71426,0
2022-07-06,82809496,"IDEALPRO","USD.CNH",0,6.71347,6.71426,0
2022-07-06,82810833,"IDEALPRO","USD.CNH",0,6.71347,6.71428,0
2022-07-06,82814845,"IDEALPRO","USD.CNH",0,6.71348,6.71428,0
2022-07-06,82817113,"IDEALPRO","USD.CNH",0,6.71348,6.71426,0
2022-07-06,82821849,"IDEALPRO","USD.CNH",0,6.71349,6.71426,0
2022-07-06,82824984,"IDEALPRO","USD.CNH",0,6.71349,6.71428,0
2022-07-06,82829367,"IDEALPRO","USD.CNH",0,6.7135,6.71428,0
2022-07-06,82830592,"IDEALPRO","USD.CNH",0,6.7135,6.71432,0
2022-07-06,82831705,"IDEALPRO","USD.CNH",0,6.71352,6.71432,0
2022-07-06,82838501,"IDEALPRO","USD.CNH",0,6.71353,6.71412,0
2022-07-06,82852724,"IDEALPRO","USD.CNH",0,6.71354,6.71412,0
2022-07-06,82857586,"IDEALPRO","USD.CNH",0,6.71343,6.71404,0
2022-07-06,82859735,"IDEALPRO","USD.CNH",0,6.71348,6.71408,0
2022-07-06,82900181,"IDEALPRO","USD.CNH",0,6.71354,6.71414,0
2022-07-06,82903675,"IDEALPRO","USD.CNH",0,6.71349,6.71409,0
2022-07-06,82905884,"IDEALPRO","USD.CNH",0,6.71375,6.71428,0
2022-07-06,82906998,"IDEALPRO","USD.CNH",0,6.7136,6.7142,0
2022-07-06,82907889,"IDEALPRO","USD.CNH",0,6.7136,6.7142,0
2022-07-06,82908558,"IDEALPRO","USD.CNH",0,6.7136,6.7142,0
2022-07-06,82909895,"IDEALPRO","USD.CNH",0,6.7136,6.7142,0
2022-07-06,82910787,"IDEALPRO","USD.CNH",0,6.7136,6.7142,0
2022-07-06,82911902,"IDEALPRO","USD.CNH",0,6.7136,6.7142,0
2022-07-06,82912793,"IDEALPRO","USD.CNH",0,6.71369,6.71428,0
2022-07-06,82913685,"IDEALPRO","USD.CNH",0,6.71366,6.71428,0
2022-07-06,82915731,"IDEALPRO","USD.CNH",0,6.71361,6.71421,0
2022-07-06,82916352,"IDEALPRO","USD.CNH",0,6.71358,6.71418,0
2022-07-06,82917021,"IDEALPRO","USD.CNH",0,6.71361,6.71421,0
2022-07-06,82919695,"IDEALPRO","USD.CNH",0,6.71354,6.71432,0
2022-07-06,82921931,"IDEALPRO","USD.CNH",0,6.71352,6.71432,0
2022-07-06,82922377,"IDEALPRO","USD.CNH",0,6.71352,6.71431,0
2022-07-06,82923714,"IDEALPRO","USD.CNH",0,6.71355,6.71431,0
2022-07-06,82924937,"IDEALPRO","USD.CNH",0,6.71352,6.71431,0
2022-07-06,82925884,"IDEALPRO","USD.CNH",0,6.71352,6.71431,0
2022-07-06,82926552,"IDEALPRO","USD.CNH",0,6.71352,6.71431,0
2022-07-06,82927890,"IDEALPRO","USD.CNH",0,6.71352,6.71431,0
2022-07-06,82928783,"IDEALPRO","USD.CNH",0,6.71352,6.71431,0
2022-07-06,82931460,"IDEALPRO","USD.CNH",0,6.71353,6.71431,0
2022-07-06,82932574,"IDEALPRO","USD.CNH",0,6.71352,6.71431,0
2022-07-06,82933466,"IDEALPRO","USD.CNH",0,6.71353,6.71431,0
2022-07-06,82934804,"IDEALPRO","USD.CNH",0,6.71351,6.7143,0
2022-07-06,82935957,"IDEALPRO","USD.CNH",0,6.71354,6.71429,0
2022-07-06,82936627,"IDEALPRO","USD.CNH",0,6.71351,6.71425,0
2022-07-06,82937965,"IDEALPRO","USD.CNH",0,6.71345,6.71415,0
2022-07-06,82942987,"IDEALPRO","USD.CNH",0,6.7134,6.71415,0
2022-07-06,82943880,"IDEALPRO","USD.CNH",0,6.71345,6.71411,0
2022-07-06,82947755,"IDEALPRO","USD.CNH",0,6.7134,6.71406,0
2022-07-06,82949985,"IDEALPRO","USD.CNH",0,6.71285,6.71346,0
2022-07-06,82950875,"IDEALPRO","USD.CNH",0,6.71282,6.71346,0
2022-07-06,82951991,"IDEALPRO","USD.CNH",0,6.71256,6.71316,0
2022-07-06,82954221,"IDEALPRO","USD.CNH",0,6.71258,6.71316,0
2022-07-06,82956533,"IDEALPRO","USD.CNH",0,6.71258,6.71331,0
2022-07-06,83000769,"IDEALPRO","USD.CNH",0,6.7126,6.71327,0
2022-07-06,83002329,"IDEALPRO","USD.CNH",0,6.71258,6.71327,0
2022-07-06,83006777,"IDEALPRO","USD.CNH",0,6.71258,6.71325,0
2022-07-06,83007669,"IDEALPRO","USD.CNH",0,6.71258,6.71332,0
2022-07-06,83010568,"IDEALPRO","USD.CNH",0,6.71263,6.71332,0
2022-07-06,83013396,"IDEALPRO","USD.CNH",0,6.71264,6.71332,0
2022-07-06,83018950,"IDEALPRO","USD.CNH",0,6.71155,6.71204,0
2022-07-06,83019619,"IDEALPRO","USD.CNH",0,6.71154,6.71196,0
2022-07-06,83028836,"IDEALPRO","USD.CNH",0,6.71171,6.71217,0
2022-07-06,83029728,"IDEALPRO","USD.CNH",0,6.71197,6.71243,0
2022-07-06,83033844,"IDEALPRO","USD.CNH",0,6.71197,6.71244,0
2022-07-06,83034586,"IDEALPRO","USD.CNH",0,6.71196,6.71244,0
2022-07-06,83035962,"IDEALPRO","USD.CNH",0,6.71191,6.71241,0
2022-07-06,83043614,"IDEALPRO","USD.CNH",0,6.7119,6.7124,0
2022-07-06,83046105,"IDEALPRO","USD.CNH",0,6.7119,6.71235,0
2022-07-06,83049448,"IDEALPRO","USD.CNH",0,6.71183,6.71232,0
2022-07-06,83052567,"IDEALPRO","USD.CNH",0,6.71183,6.71228,0
2022-07-06,83058626,"IDEALPRO","USD.CNH",0,6.7118,6.71228,0
2022-07-06,83107036,"IDEALPRO","USD.CNH",0,6.71182,6.71228,0
2022-07-06,83113195,"IDEALPRO","USD.CNH",0,6.71184,6.71228,0
2022-07-06,83127603,"IDEALPRO","USD.CNH",0,6.71183,6.71228,0
2022-07-06,83128940,"IDEALPRO","USD.CNH",0,6.71183,6.71232,0
2022-07-06,83129833,"IDEALPRO","USD.CNH",0,6.71183,6.71228,0
2022-07-06,83130948,"IDEALPRO","USD.CNH",0,6.71183,6.71232,0
2022-07-06,83131171,"IDEALPRO","USD.CNH",0,6.71184,6.71232,0
2022-07-06,83132955,"IDEALPRO","USD.CNH",0,6.71184,6.71237,0
2022-07-06,83133984,"IDEALPRO","USD.CNH",0,6.71184,6.71232,0
2022-07-06,83134653,"IDEALPRO","USD.CNH",0,6.71183,6.71232,0
2022-07-06,83136919,"IDEALPRO","USD.CNH",0,6.71183,6.71228,0
2022-07-06,83142745,"IDEALPRO","USD.CNH",0,6.71183,6.71232,0
2022-07-06,83143746,"IDEALPRO","USD.CNH",0,6.71184,6.71241,0
2022-07-06,83144670,"IDEALPRO","USD.CNH",0,6.71184,6.71246,0
2022-07-06,83145823,"IDEALPRO","USD.CNH",0,6.71184,6.7125,0
2022-07-06,83146874,"IDEALPRO","USD.CNH",0,6.71184,6.71246,0
2022-07-06,83149771,"IDEALPRO","USD.CNH",0,6.71195,6.71259,0
2022-07-06,83150663,"IDEALPRO","USD.CNH",0,6.71209,6.71269,0
2022-07-06,83151778,"IDEALPRO","USD.CNH",0,6.71209,6.71261,0
2022-07-06,83152893,"IDEALPRO","USD.CNH",0,6.71209,6.71265,0
2022-07-06,83153784,"IDEALPRO","USD.CNH",0,6.71209,6.71269,0
2022-07-06,83154230,"IDEALPRO","USD.CNH",0,6.71206,6.71269,0
2022-07-06,83157182,"IDEALPRO","USD.CNH",0,6.71207,6.71269,0
2022-07-06,83159856,"IDEALPRO","USD.CNH",0,6.71207,6.71267,0
2022-07-06,83201700,"IDEALPRO","USD.CNH",0,6.71184,6.71241,0
2022-07-06,83203930,"IDEALPRO","USD.CNH",0,6.71185,6.71241,0
2022-07-06,83204153,"IDEALPRO","USD.CNH",0,6.71199,6.71252,0
2022-07-06,83205662,"IDEALPRO","USD.CNH",0,6.7121,6.71252,0
2022-07-06,83208560,"IDEALPRO","USD.CNH",0,6.71293,6.71344,0
2022-07-06,83209228,"IDEALPRO","USD.CNH",0,6.71293,6.71346,0
2022-07-06,83210566,"IDEALPRO","USD.CNH",0,6.71293,6.71351,0
2022-07-06,83212794,"IDEALPRO","USD.CNH",0,6.71293,6.71348,0
2022-07-06,83213477,"IDEALPRO","USD.CNH",0,6.71295,6.71346,0
2022-07-06,83217070,"IDEALPRO","USD.CNH",0,6.71295,6.7134,0
2022-07-06,83218853,"IDEALPRO","USD.CNH",0,6.71295,6.71337,0
2022-07-06,83222802,"IDEALPRO","USD.CNH",0,6.71254,6.7131,0
2022-07-06,83223471,"IDEALPRO","USD.CNH",0,6.71237,6.71285,0
2022-07-06,83224809,"IDEALPRO","USD.CNH",0,6.7124,6.71283,0
2022-07-06,83228639,"IDEALPRO","USD.CNH",0,6.71238,6.71283,0
2022-07-06,83237592,"IDEALPRO","USD.CNH",0,6.71238,6.71292,0
2022-07-06,83241957,"IDEALPRO","USD.CNH",0,6.71238,6.71299,0
2022-07-06,83243072,"IDEALPRO","USD.CNH",0,6.71244,6.71303,0
2022-07-06,83255042,"IDEALPRO","USD.CNH",0,6.71245,6.71303,0
2022-07-06,83257570,"IDEALPRO","USD.CNH",0,6.71245,6.71297,0
2022-07-06,83258016,"IDEALPRO","USD.CNH",0,6.71245,6.71303,0
2022-07-06,83259650,"IDEALPRO","USD.CNH",0,6.71244,6.71301,0
2022-07-06,83302101,"IDEALPRO","USD.CNH",0,6.71245,6.71301,0
2022-07-06,83306331,"IDEALPRO","USD.CNH",0,6.71245,6.71306,0
2022-07-06,83307754,"IDEALPRO","USD.CNH",0,6.71247,6.71306,0
2022-07-06,83308869,"IDEALPRO","USD.CNH",0,6.71247,6.71314,0
2022-07-06,83309761,"IDEALPRO","USD.CNH",0,6.71247,6.71312,0
2022-07-06,83310206,"IDEALPRO","USD.CNH",0,6.71247,6.71301,0
2022-07-06,83311097,"IDEALPRO","USD.CNH",0,6.71247,6.71304,0
2022-07-06,83313599,"IDEALPRO","USD.CNH",0,6.71245,6.71298,0
2022-07-06,83314490,"IDEALPRO","USD.CNH",0,6.71231,6.71281,0
2022-07-06,83319087,"IDEALPRO","USD.CNH",0,6.7123,6.71281,0
2022-07-06,83331148,"IDEALPRO","USD.CNH",0,6.71228,6.71281,0
2022-07-06,83343179,"IDEALPRO","USD.CNH",0,6.71226,6.71281,0
2022-07-06,83347831,"IDEALPRO","USD.CNH",0,6.71227,6.71281,0
2022-07-06,83350506,"IDEALPRO","USD.CNH",0,6.71228,6.71277,0
2022-07-06,83351398,"IDEALPRO","USD.CNH",0,6.71229,6.71277,0
2022-07-06,83355186,"IDEALPRO","USD.CNH",0,6.71227,6.71277,0
2022-07-06,83356338,"IDEALPRO","USD.CNH",0,6.7123,6.71277,0
2022-07-06,83358790,"IDEALPRO","USD.CNH",0,6.71221,6.71277,0
2022-07-06,83401465,"IDEALPRO","USD.CNH",0,6.71215,6.7127,0
2022-07-06,83404954,"IDEALPRO","USD.CNH",0,6.71247,6.7129,0
2022-07-06,83405440,"IDEALPRO","USD.CNH",0,6.71254,6.71293,0
2022-07-06,83406777,"IDEALPRO","USD.CNH",0,6.71254,6.71292,0
2022-07-06,83407001,"IDEALPRO","USD.CNH",0,6.71257,6.71292,0
2022-07-06,83408783,"IDEALPRO","USD.CNH",0,6.71257,6.71291,0
2022-07-06,83412350,"IDEALPRO","USD.CNH",0,6.71254,6.71291,0
2022-07-06,83421083,"IDEALPRO","USD.CNH",0,6.71259,6.71291,0
2022-07-06,83422867,"IDEALPRO","USD.CNH",0,6.71277,6.71319,0
2022-07-06,83423758,"IDEALPRO","USD.CNH",0,6.71277,6.71315,0
2022-07-06,83424204,"IDEALPRO","USD.CNH",0,6.71276,6.71315,0
2022-07-06,83428984,"IDEALPRO","USD.CNH",0,6.7129,6.71323,0
2022-07-06,83432996,"IDEALPRO","USD.CNH",0,6.71292,6.71322,0
2022-07-06,83433219,"IDEALPRO","USD.CNH",0,6.71292,6.71322,0
2022-07-06,83434558,"IDEALPRO","USD.CNH",0,6.71292,6.71318,0
2022-07-06,83435934,"IDEALPRO","USD.CNH",0,6.71278,6.71318,0
2022-07-06,83437495,"IDEALPRO","USD.CNH",0,6.71283,6.71318,0
2022-07-06,83440839,"IDEALPRO","USD.CNH",0,6.71287,6.71318,0
2022-07-06,83442844,"IDEALPRO","USD.CNH",0,6.71288,6.71318,0
2022-07-06,83448899,"IDEALPRO","USD.CNH",0,6.71288,6.71319,0
2022-07-06,83452020,"IDEALPRO","USD.CNH",0,6.71288,6.71313,0
2022-07-06,83454918,"IDEALPRO","USD.CNH",0,6.71306,6.71341,0
2022-07-06,83455850,"IDEALPRO","USD.CNH",0,6.71299,6.71343,0
2022-07-06,83500753,"IDEALPRO","USD.CNH",0,6.71329,6.71366,0
2022-07-06,83501868,"IDEALPRO","USD.CNH",0,6.71333,6.71363,0
2022-07-06,83505887,"IDEALPRO","USD.CNH",0,6.71332,6.71363,0
2022-07-06,83506778,"IDEALPRO","USD.CNH",0,6.71332,6.71378,0
2022-07-06,83507893,"IDEALPRO","USD.CNH",0,6.71332,6.71378,0
2022-07-06,83509898,"IDEALPRO","USD.CNH",0,6.71332,6.71377,0
2022-07-06,83510567,"IDEALPRO","USD.CNH",0,6.71336,6.71377,0
2022-07-06,83511751,"IDEALPRO","USD.CNH",0,6.71342,6.71377,0
2022-07-06,83512865,"IDEALPRO","USD.CNH",0,6.71342,6.71378,0
2022-07-06,83513534,"IDEALPRO","USD.CNH",0,6.71377,6.71406,0
2022-07-06,83514872,"IDEALPRO","USD.CNH",0,6.71369,6.71404,0
2022-07-06,83515096,"IDEALPRO","USD.CNH",0,6.71369,6.71401,0
2022-07-06,83516473,"IDEALPRO","USD.CNH",0,6.71369,6.71396,0
2022-07-06,83517705,"IDEALPRO","USD.CNH",0,6.71365,6.71396,0
2022-07-06,83522164,"IDEALPRO","USD.CNH",0,6.71368,6.71396,0
2022-07-06,83523278,"IDEALPRO","USD.CNH",0,6.71367,6.71396,0
2022-07-06,83528917,"IDEALPRO","USD.CNH",0,6.71403,6.71427,0
2022-07-06,83529587,"IDEALPRO","USD.CNH",0,6.71422,6.71452,0
2022-07-06,83530479,"IDEALPRO","USD.CNH",0,6.71422,6.71456,0
2022-07-06,83531816,"IDEALPRO","USD.CNH",0,6.71429,6.71456,0
2022-07-06,83532262,"IDEALPRO","USD.CNH",0,6.71429,6.71463,0
2022-07-06,83533155,"IDEALPRO","USD.CNH",0,6.71429,6.71469,0
2022-07-06,83534269,"IDEALPRO","USD.CNH",0,6.71429,6.71468,0
2022-07-06,83536313,"IDEALPRO","USD.CNH",0,6.71429,6.71469,0
2022-07-06,83545334,"IDEALPRO","USD.CNH",0,6.71432,6.71465,0
2022-07-06,83548257,"IDEALPRO","USD.CNH",0,6.71432,6.71463,0
2022-07-06,83549817,"IDEALPRO","USD.CNH",0,6.71465,6.71501,0
2022-07-06,83550263,"IDEALPRO","USD.CNH",0,6.71479,6.71501,0
2022-07-06,83551155,"IDEALPRO","USD.CNH",0,6.71491,6.71501,0
2022-07-06,83552268,"IDEALPRO","USD.CNH",0,6.71495,6.71501,0
2022-07-06,83553830,"IDEALPRO","USD.CNH",0,6.71467,6.71501,0
2022-07-06,83554498,"IDEALPRO","USD.CNH",0,6.71467,6.71495,0
2022-07-06,83555875,"IDEALPRO","USD.CNH",0,6.71447,6.71484,0
2022-07-06,83556766,"IDEALPRO","USD.CNH",0,6.71447,6.71476,0
2022-07-06,83557660,"IDEALPRO","USD.CNH",0,6.71444,6.71481,0
2022-07-06,83558998,"IDEALPRO","USD.CNH",0,6.71444,6.71482,0
2022-07-06,83559890,"IDEALPRO","USD.CNH",0,6.71444,6.71476,0
2022-07-06,83601673,"IDEALPRO","USD.CNH",0,6.71444,6.71476,0
2022-07-06,83603680,"IDEALPRO","USD.CNH",0,6.71465,6.71501,0
2022-07-06,83606108,"IDEALPRO","USD.CNH",0,6.71456,6.71501,0
2022-07-06,83607892,"IDEALPRO","USD.CNH",0,6.71456,6.71501,0
2022-07-06,83610696,"IDEALPRO","USD.CNH",0,6.71455,6.715,0
2022-07-06,83611142,"IDEALPRO","USD.CNH",0,6.71472,6.71501,0
2022-07-06,83614040,"IDEALPRO","USD.CNH",0,6.71478,6.71501,0
2022-07-06,83616995,"IDEALPRO","USD.CNH",0,6.71496,6.71501,0
2022-07-06,83617664,"IDEALPRO","USD.CNH",0,6.71556,6.71605,0
2022-07-06,83618779,"IDEALPRO","USD.CNH",0,6.71544,6.71595,0
2022-07-06,83620786,"IDEALPRO","USD.CNH",0,6.71597,6.71645,0
2022-07-06,83621677,"IDEALPRO","USD.CNH",0,6.71606,6.71655,0
2022-07-06,83622569,"IDEALPRO","USD.CNH",0,6.71602,6.71651,0
2022-07-06,83623684,"IDEALPRO","USD.CNH",0,6.71574,6.71615,0
2022-07-06,83626399,"IDEALPRO","USD.CNH",0,6.71574,6.71612,0
2022-07-06,83627291,"IDEALPRO","USD.CNH",0,6.71574,6.71615,0
2022-07-06,83628628,"IDEALPRO","USD.CNH",0,6.71571,6.71615,0
2022-07-06,83629297,"IDEALPRO","USD.CNH",0,6.71604,6.71647,0
2022-07-06,83630858,"IDEALPRO","USD.CNH",0,6.71604,6.71651,0
2022-07-06,83633311,"IDEALPRO","USD.CNH",0,6.71606,6.71649,0
2022-07-06,83634426,"IDEALPRO","USD.CNH",0,6.71609,6.71655,0
2022-07-06,83635819,"IDEALPRO","USD.CNH",0,6.71607,6.7165,0
2022-07-06,83636710,"IDEALPRO","USD.CNH",0,6.71607,6.71649,0
2022-07-06,83637602,"IDEALPRO","USD.CNH",0,6.71607,6.71648,0
2022-07-06,83638718,"IDEALPRO","USD.CNH",0,6.71605,6.71642,0
2022-07-06,83639833,"IDEALPRO","USD.CNH",0,6.71605,6.71643,0
2022-07-06,83640948,"IDEALPRO","USD.CNH",0,6.71584,6.7163,0
2022-07-06,83641840,"IDEALPRO","USD.CNH",0,6.71584,6.7163,0
2022-07-06,83642732,"IDEALPRO","USD.CNH",0,6.71612,6.71655,0
2022-07-06,83643847,"IDEALPRO","USD.CNH",0,6.71612,6.71657,0
2022-07-06,83644963,"IDEALPRO","USD.CNH",0,6.71627,6.71668,0
2022-07-06,83645448,"IDEALPRO","USD.CNH",0,6.71627,6.71661,0
2022-07-06,83646785,"IDEALPRO","USD.CNH",0,6.71596,6.71642,0
2022-07-06,83647678,"IDEALPRO","USD.CNH",0,6.71611,6.71656,0
2022-07-06,83648569,"IDEALPRO","USD.CNH",0,6.71611,6.71657,0
2022-07-06,83649461,"IDEALPRO","USD.CNH",0,6.71611,6.71657,0
2022-07-06,83650799,"IDEALPRO","USD.CNH",0,6.71618,6.71663,0
2022-07-06,83652694,"IDEALPRO","USD.CNH",0,6.71618,6.71662,0
2022-07-06,83656757,"IDEALPRO","USD.CNH",0,6.71618,6.71663,0
2022-07-06,83658818,"IDEALPRO","USD.CNH",0,6.71618,6.71661,0
2022-07-06,83700824,"IDEALPRO","USD.CNH",0,6.71619,6.7166,0
2022-07-06,83701716,"IDEALPRO","USD.CNH",0,6.71616,6.71658,0
2022-07-06,83702607,"IDEALPRO","USD.CNH",0,6.71629,6.71668,0
2022-07-06,83707894,"IDEALPRO","USD.CNH",0,6.7162,6.71655,0
2022-07-06,83708563,"IDEALPRO","USD.CNH",0,6.71612,6.71654,0
2022-07-06,83709232,"IDEALPRO","USD.CNH",0,6.71614,6.71654,0
2022-07-06,83711598,"IDEALPRO","USD.CNH",0,6.71613,6.71654,0
2022-07-06,83713826,"IDEALPRO","USD.CNH",0,6.71613,6.71656,0
2022-07-06,83715666,"IDEALPRO","USD.CNH",0,6.71628,6.71663,0
2022-07-06,83717896,"IDEALPRO","USD.CNH",0,6.71614,6.71654,0
2022-07-06,83718787,"IDEALPRO","USD.CNH",0,6.71614,6.7165,0
2022-07-06,83719234,"IDEALPRO","USD.CNH",0,6.71614,6.71654,0
2022-07-06,83722801,"IDEALPRO","USD.CNH",0,6.71615,6.71656,0
2022-07-06,83726855,"IDEALPRO","USD.CNH",0,6.71616,6.71656,0
2022-07-06,83727524,"IDEALPRO","USD.CNH",0,6.71616,6.71656,0
2022-07-06,83728639,"IDEALPRO","USD.CNH",0,6.71611,6.7165,0
2022-07-06,83729816,"IDEALPRO","USD.CNH",0,6.71613,6.71652,0
2022-07-06,83731831,"IDEALPRO","USD.CNH",0,6.71617,6.71652,0
2022-07-06,83732945,"IDEALPRO","USD.CNH",0,6.71604,6.71643,0
2022-07-06,83733615,"IDEALPRO","USD.CNH",0,6.71569,6.71608,0
2022-07-06,83734730,"IDEALPRO","USD.CNH",0,6.71569,6.71606,0
2022-07-06,83735438,"IDEALPRO","USD.CNH",0,6.71569,6.71608,0
2022-07-06,83740378,"IDEALPRO","USD.CNH",0,6.71573,6.71612,0
2022-07-06,83743724,"IDEALPRO","USD.CNH",0,6.71581,6.71622,0
2022-07-06,83744170,"IDEALPRO","USD.CNH",0,6.71581,6.71624,0
2022-07-06,83748893,"IDEALPRO","USD.CNH",0,6.71583,6.71627,0
2022-07-06,83753574,"IDEALPRO","USD.CNH",0,6.71583,6.71621,0
2022-07-06,83754242,"IDEALPRO","USD.CNH",0,6.7158,6.71621,0
2022-07-06,83755374,"IDEALPRO","USD.CNH",0,6.71585,6.71622,0
2022-07-06,83756751,"IDEALPRO","USD.CNH",0,6.71585,6.71625,0
2022-07-06,83758312,"IDEALPRO","USD.CNH",0,6.71585,6.71629,0
2022-07-06,83801431,"IDEALPRO","USD.CNH",0,6.71563,6.71609,0
2022-07-06,83810631,"IDEALPRO","USD.CNH",0,6.71565,6.71609,0
2022-07-06,83812535,"IDEALPRO","USD.CNH",0,6.7157,6.71612,0
2022-07-06,83815210,"IDEALPRO","USD.CNH",0,6.71567,6.71609,0
2022-07-06,83816809,"IDEALPRO","USD.CNH",0,6.71571,6.71612,0
2022-07-06,83817032,"IDEALPRO","USD.CNH",0,6.71571,6.71612,0
2022-07-06,83818591,"IDEALPRO","USD.CNH",0,6.71585,6.71623,0
2022-07-06,83819705,"IDEALPRO","USD.CNH",0,6.71589,6.7163,0
2022-07-06,83821985,"IDEALPRO","USD.CNH",0,6.71609,6.71647,0
2022-07-06,83822877,"IDEALPRO","USD.CNH",0,6.71619,6.71654,0
2022-07-06,83823992,"IDEALPRO","USD.CNH",0,6.71621,6.71654,0
2022-07-06,83825107,"IDEALPRO","USD.CNH",0,6.71621,6.7165,0
2022-07-06,83828829,"IDEALPRO","USD.CNH",0,6.71627,6.71658,0
2022-07-06,83829497,"IDEALPRO","USD.CNH",0,6.71621,6.71655,0
2022-07-06,83830388,"IDEALPRO","USD.CNH",0,6.71618,6.71648,0
2022-07-06,83833994,"IDEALPRO","USD.CNH",0,6.71675,6.71705,0
2022-07-06,83834440,"IDEALPRO","USD.CNH",0,6.71619,6.71655,0
2022-07-06,83835817,"IDEALPRO","USD.CNH",0,6.71616,6.71655,0
2022-07-06,83839146,"IDEALPRO","USD.CNH",0,6.71617,6.71651,0
2022-07-06,83840929,"IDEALPRO","USD.CNH",0,6.71619,6.71652,0
2022-07-06,83841820,"IDEALPRO","USD.CNH",0,6.71619,6.71652,0
2022-07-06,83844712,"IDEALPRO","USD.CNH",0,6.71618,6.71652,0
2022-07-06,83855644,"IDEALPRO","USD.CNH",0,6.71618,6.7165,0
2022-07-06,83856760,"IDEALPRO","USD.CNH",0,6.71618,6.71658,0
2022-07-06,83857205,"IDEALPRO","USD.CNH",0,6.71618,6.71658,0
2022-07-06,83859881,"IDEALPRO","USD.CNH",0,6.71633,6.7167,0
2022-07-06,83900996,"IDEALPRO","USD.CNH",0,6.71624,6.71661,0
2022-07-06,83902779,"IDEALPRO","USD.CNH",0,6.71622,6.71659,0
2022-07-06,83905886,"IDEALPRO","USD.CNH",0,6.71597,6.71634,0
2022-07-06,83909903,"IDEALPRO","USD.CNH",0,6.71597,6.71632,0
2022-07-06,83910795,"IDEALPRO","USD.CNH",0,6.71599,6.71635,0
2022-07-06,83911017,"IDEALPRO","USD.CNH",0,6.71607,6.71645,0
2022-07-06,83912130,"IDEALPRO","USD.CNH",0,6.71604,6.71642,0
2022-07-06,83914137,"IDEALPRO","USD.CNH",0,6.71603,6.71642,0
2022-07-06,83916182,"IDEALPRO","USD.CNH",0,6.71603,6.71643,0
2022-07-06,83920259,"IDEALPRO","USD.CNH",0,6.71603,6.71637,0
2022-07-06,83922041,"IDEALPRO","USD.CNH",0,6.71597,6.71639,0
2022-07-06,83924494,"IDEALPRO","USD.CNH",0,6.71604,6.71644,0
2022-07-06,83926897,"IDEALPRO","USD.CNH",0,6.71588,6.71624,0
2022-07-06,83927122,"IDEALPRO","USD.CNH",0,6.71576,6.71608,0
2022-07-06,83930240,"IDEALPRO","USD.CNH",0,6.71574,6.71608,0
2022-07-06,83931356,"IDEALPRO","USD.CNH",0,6.71574,6.71609,0
2022-07-06,83935636,"IDEALPRO","USD.CNH",0,6.71572,6.71612,0
2022-07-06,83936139,"IDEALPRO","USD.CNH",0,6.71572,6.71609,0
2022-07-06,83940491,"IDEALPRO","USD.CNH",0,6.71551,6.71585,0
2022-07-06,83952788,"IDEALPRO","USD.CNH",0,6.71551,6.71581,0
2022-07-06,83953011,"IDEALPRO","USD.CNH",0,6.71551,6.71575,0
2022-07-06,83957302,"IDEALPRO","USD.CNH",0,6.71546,6.71575,0
2022-07-06,84001760,"IDEALPRO","USD.CNH",0,6.71546,6.71571,0
2022-07-06,84005178,"IDEALPRO","USD.CNH",0,6.71546,6.71569,0
2022-07-06,84007854,"IDEALPRO","USD.CNH",0,6.71514,6.71541,0
2022-07-06,84008744,"IDEALPRO","USD.CNH",0,6.71504,6.71525,0
2022-07-06,84011703,"IDEALPRO","USD.CNH",0,6.71501,6.71535,0
2022-07-06,84012817,"IDEALPRO","USD.CNH",0,6.71499,6.71535,0
2022-07-06,84014822,"IDEALPRO","USD.CNH",0,6.71502,6.71535,0
2022-07-06,84016869,"IDEALPRO","USD.CNH",0,6.71502,6.71536,0
2022-07-06,84020996,"IDEALPRO","USD.CNH",0,6.7148,6.71512,0
2022-07-06,84022778,"IDEALPRO","USD.CNH",0,6.7148,6.7151,0
2022-07-06,84023002,"IDEALPRO","USD.CNH",0,6.71482,6.71515,0
2022-07-06,84025090,"IDEALPRO","USD.CNH",0,6.71481,6.71515,0
2022-07-06,84028713,"IDEALPRO","USD.CNH",0,6.71482,6.71515,0
2022-07-06,84031756,"IDEALPRO","USD.CNH",0,6.71492,6.71523,0
2022-07-06,84032536,"IDEALPRO","USD.CNH",0,6.71487,6.71517,0
2022-07-06,84036887,"IDEALPRO","USD.CNH",0,6.71491,6.71521,0
2022-07-06,84037333,"IDEALPRO","USD.CNH",0,6.71458,6.71488,0
2022-07-06,84039560,"IDEALPRO","USD.CNH",0,6.71459,6.7149,0
2022-07-06,84041650,"IDEALPRO","USD.CNH",0,6.71462,6.71492,0
2022-07-06,84043030,"IDEALPRO","USD.CNH",0,6.71461,6.71491,0
2022-07-06,84046412,"IDEALPRO","USD.CNH",0,6.71468,6.71491,0
2022-07-06,84049619,"IDEALPRO","USD.CNH",0,6.71468,6.71495,0
2022-07-06,84050732,"IDEALPRO","USD.CNH",0,6.71464,6.71495,0
2022-07-06,84055679,"IDEALPRO","USD.CNH",0,6.71462,6.71492,0
2022-07-06,84057097,"IDEALPRO","USD.CNH",0,6.7146,6.7149,0
2022-07-06,84100663,"IDEALPRO","USD.CNH",0,6.71464,6.71495,0
2022-07-06,84101332,"IDEALPRO","USD.CNH",0,6.71464,6.71495,0
2022-07-06,84104897,"IDEALPRO","USD.CNH",0,6.71509,6.71539,0
2022-07-06,84105401,"IDEALPRO","USD.CNH",0,6.71504,6.71537,0
2022-07-06,84106516,"IDEALPRO","USD.CNH",0,6.71503,6.71537,0
2022-07-06,84107853,"IDEALPRO","USD.CNH",0,6.71501,6.71535,0
2022-07-06,84109860,"IDEALPRO","USD.CNH",0,6.71507,6.71542,0
2022-07-06,84110529,"IDEALPRO","USD.CNH",0,6.71515,6.7155,0
2022-07-06,84111197,"IDEALPRO","USD.CNH",0,6.71516,6.71552,0
2022-07-06,84112757,"IDEALPRO","USD.CNH",0,6.71522,6.71557,0
2022-07-06,84113203,"IDEALPRO","USD.CNH",0,6.71522,6.71557,0
2022-07-06,84114985,"IDEALPRO","USD.CNH",0,6.71524,6.71561,0
2022-07-06,84119705,"IDEALPRO","USD.CNH",0,6.71526,6.71559,0
2022-07-06,84120820,"IDEALPRO","USD.CNH",0,6.71529,6.71559,0
2022-07-06,84129127,"IDEALPRO","USD.CNH",0,6.71524,6.71559,0
2022-07-06,84130465,"IDEALPRO","USD.CNH",0,6.71521,6.71559,0
2022-07-06,84131898,"IDEALPRO","USD.CNH",0,6.71518,6.71561,0
2022-07-06,84133459,"IDEALPRO","USD.CNH",0,6.71517,6.7156,0
2022-07-06,84136171,"IDEALPRO","USD.CNH",0,6.71518,6.71561,0
2022-07-06,84143336,"IDEALPRO","USD.CNH",0,6.71482,6.71529,0
2022-07-06,84144451,"IDEALPRO","USD.CNH",0,6.71483,6.7153,0
2022-07-06,84148073,"IDEALPRO","USD.CNH",0,6.71483,6.71519,0
2022-07-06,84149633,"IDEALPRO","USD.CNH",0,6.71478,6.71519,0
2022-07-06,84151084,"IDEALPRO","USD.CNH",0,6.71479,6.71519,0
2022-07-06,84202797,"IDEALPRO","USD.CNH",0,6.71482,6.71519,0
2022-07-06,84204803,"IDEALPRO","USD.CNH",0,6.71481,6.71519,0
2022-07-06,84208138,"IDEALPRO","USD.CNH",0,6.71481,6.71519,0
2022-07-06,84219884,"IDEALPRO","USD.CNH",0,6.71488,6.71519,0
2022-07-06,84231736,"IDEALPRO","USD.CNH",0,6.71497,6.71533,0
2022-07-06,84233519,"IDEALPRO","USD.CNH",0,6.71497,6.71531,0
2022-07-06,84234856,"IDEALPRO","USD.CNH",0,6.71514,6.71534,0
2022-07-06,84235342,"IDEALPRO","USD.CNH",0,6.71514,6.71541,0
2022-07-06,84240023,"IDEALPRO","USD.CNH",0,6.7151,6.71541,0
2022-07-06,84241583,"IDEALPRO","USD.CNH",0,6.7151,6.71548,0
2022-07-06,84244258,"IDEALPRO","USD.CNH",0,6.7151,6.71515,0
2022-07-06,84245411,"IDEALPRO","USD.CNH",0,6.71511,6.71515,0
2022-07-06,84254892,"IDEALPRO","USD.CNH",0,6.7151,6.71515,0
2022-07-06,84255116,"IDEALPRO","USD.CNH",0,6.71511,6.71545,0
2022-07-06,84256491,"IDEALPRO","USD.CNH",0,6.7151,6.71545,0
2022-07-06,84257606,"IDEALPRO","USD.CNH",0,6.7151,6.71545,0
2022-07-06,84301915,"IDEALPRO","USD.CNH",0,6.71502,6.71545,0
2022-07-06,84302805,"IDEALPRO","USD.CNH",0,6.71502,6.71542,0
2022-07-06,84303697,"IDEALPRO","USD.CNH",0,6.71506,6.71542,0
2022-07-06,84304366,"IDEALPRO","USD.CNH",0,6.71506,6.71542,0
2022-07-06,84305888,"IDEALPRO","USD.CNH",0,6.71538,6.71577,0
2022-07-06,84309232,"IDEALPRO","USD.CNH",0,6.7154,6.71577,0
2022-07-06,84310791,"IDEALPRO","USD.CNH",0,6.71521,6.71561,0
2022-07-06,84311683,"IDEALPRO","USD.CNH",0,6.71524,6.71573,0
2022-07-06,84312208,"IDEALPRO","USD.CNH",0,6.71527,6.71573,0
2022-07-06,84313109,"IDEALPRO","USD.CNH",0,6.71532,6.71573,0
2022-07-06,84314001,"IDEALPRO","USD.CNH",0,6.71535,6.71573,0
2022-07-06,84316714,"IDEALPRO","USD.CNH",0,6.71532,6.71573,0
2022-07-06,84324899,"IDEALPRO","USD.CNH",0,6.71518,6.71565,0
2022-07-06,84325829,"IDEALPRO","USD.CNH",0,6.71522,6.71566,0
2022-07-06,84326720,"IDEALPRO","USD.CNH",0,6.71529,6.71566,0
2022-07-06,84328961,"IDEALPRO","USD.CNH",0,6.71519,6.71567,0
2022-07-06,84329406,"IDEALPRO","USD.CNH",0,6.71525,6.71567,0
2022-07-06,84330965,"IDEALPRO","USD.CNH",0,6.71499,6.71556,0
2022-07-06,84332971,"IDEALPRO","USD.CNH",0,6.71497,6.71544,0
2022-07-06,84333640,"IDEALPRO","USD.CNH",0,6.71498,6.71551,0
2022-07-06,84334977,"IDEALPRO","USD.CNH",0,6.71501,6.71552,0
2022-07-06,84336355,"IDEALPRO","USD.CNH",0,6.715,6.71552,0
2022-07-06,84337692,"IDEALPRO","USD.CNH",0,6.715,6.71545,0
2022-07-06,84339698,"IDEALPRO","USD.CNH",0,6.71506,6.71558,0
2022-07-06,84340812,"IDEALPRO","USD.CNH",0,6.71508,6.71562,0
2022-07-06,84341704,"IDEALPRO","USD.CNH",0,6.71512,6.71562,0
2022-07-06,84342595,"IDEALPRO","USD.CNH",0,6.71512,6.71559,0
2022-07-06,84343933,"IDEALPRO","USD.CNH",0,6.71527,6.71564,0
2022-07-06,84344825,"IDEALPRO","USD.CNH",0,6.71521,6.71562,0
2022-07-06,84345979,"IDEALPRO","USD.CNH",0,6.71506,6.71554,0
2022-07-06,84347762,"IDEALPRO","USD.CNH",0,6.7151,6.71554,0
2022-07-06,84348876,"IDEALPRO","USD.CNH",0,6.71515,6.71555,0
2022-07-06,84349992,"IDEALPRO","USD.CNH",0,6.71535,6.71571,0
2022-07-06,84350436,"IDEALPRO","USD.CNH",0,6.71535,6.71572,0
2022-07-06,84351997,"IDEALPRO","USD.CNH",0,6.71509,6.71545,0
2022-07-06,84353112,"IDEALPRO","USD.CNH",0,6.7151,6.71545,0
2022-07-06,84354935,"IDEALPRO","USD.CNH",0,6.71481,6.71524,0
2022-07-06,84355660,"IDEALPRO","USD.CNH",0,6.71479,6.71524,0
2022-07-06,84356774,"IDEALPRO","USD.CNH",0,6.71475,6.71524,0
2022-07-06,84358557,"IDEALPRO","USD.CNH",0,6.71475,6.71527,0
2022-07-06,84359670,"IDEALPRO","USD.CNH",0,6.71475,6.71526,0
2022-07-06,84401899,"IDEALPRO","USD.CNH",0,6.71459,6.71498,0
2022-07-06,84402345,"IDEALPRO","USD.CNH",0,6.71462,6.71504,0
2022-07-06,84403237,"IDEALPRO","USD.CNH",0,6.71458,6.71504,0
2022-07-06,84404573,"IDEALPRO","USD.CNH",0,6.71458,6.71503,0
2022-07-06,84411948,"IDEALPRO","USD.CNH",0,6.71474,6.71515,0
2022-07-06,84412171,"IDEALPRO","USD.CNH",0,6.71474,6.71515,0
2022-07-06,84413507,"IDEALPRO","USD.CNH",0,6.71474,6.71511,0
2022-07-06,84414175,"IDEALPRO","USD.CNH",0,6.71474,6.71511,0
2022-07-06,84418981,"IDEALPRO","USD.CNH",0,6.71455,6.71485,0
2022-07-06,84421930,"IDEALPRO","USD.CNH",0,6.71455,6.71486,0
2022-07-06,84425535,"IDEALPRO","USD.CNH",0,6.71455,6.71485,0
2022-07-06,84426427,"IDEALPRO","USD.CNH",0,6.71455,6.71491,0
2022-07-06,84430884,"IDEALPRO","USD.CNH",0,6.71425,6.71466,0
2022-07-06,84431998,"IDEALPRO","USD.CNH",0,6.71417,6.71445,0
2022-07-06,84432220,"IDEALPRO","USD.CNH",0,6.71411,6.71437,0
2022-07-06,84433780,"IDEALPRO","USD.CNH",0,6.71415,6.71437,0
2022-07-06,84434002,"IDEALPRO","USD.CNH",0,6.71415,6.71438,0
2022-07-06,84435116,"IDEALPRO","USD.CNH",0,6.71412,6.71438,0
2022-07-06,84437162,"IDEALPRO","USD.CNH",0,6.71409,6.71438,0
2022-07-06,84438054,"IDEALPRO","USD.CNH",0,6.71406,6.71438,0
2022-07-06,84439614,"IDEALPRO","USD.CNH",0,6.71333,6.71346,0
2022-07-06,84443625,"IDEALPRO","USD.CNH",0,6.7133,6.71347,0
2022-07-06,84446784,"IDEALPRO","USD.CNH",0,6.71326,6.71347,0
2022-07-06,84448562,"IDEALPRO","USD.CNH",0,6.71326,6.71349,0
2022-07-06,84449453,"IDEALPRO","USD.CNH",0,6.7132,6.71349,0
2022-07-06,84450120,"IDEALPRO","USD.CNH",0,6.71318,6.71349,0
2022-07-06,84452570,"IDEALPRO","USD.CNH",0,6.7132,6.71347,0
2022-07-06,84453462,"IDEALPRO","USD.CNH",0,6.71318,6.71347,0
2022-07-06,84454799,"IDEALPRO","USD.CNH",0,6.71318,6.71345,0
2022-07-06,84455508,"IDEALPRO","USD.CNH",0,6.71324,6.71345,0
2022-07-06,84457291,"IDEALPRO","USD.CNH",0,6.71326,6.71345,0
2022-07-06,84458852,"IDEALPRO","USD.CNH",0,6.71288,6.71313,0
2022-07-06,84459519,"IDEALPRO","USD.CNH",0,6.71273,6.71299,0
2022-07-06,84500188,"IDEALPRO","USD.CNH",0,6.71267,6.71296,0
2022-07-06,84501747,"IDEALPRO","USD.CNH",0,6.71263,6.71296,0
2022-07-06,84502193,"IDEALPRO","USD.CNH",0,6.7126,6.71296,0
2022-07-06,84503085,"IDEALPRO","USD.CNH",0,6.7126,6.71294,0
2022-07-06,84504868,"IDEALPRO","USD.CNH",0,6.7126,6.71294,0
2022-07-06,84505180,"IDEALPRO","USD.CNH",0,6.7126,6.71294,0
2022-07-06,84506349,"IDEALPRO","USD.CNH",0,6.71264,6.71294,0
2022-07-06,84507241,"IDEALPRO","USD.CNH",0,6.71264,6.71292,0
2022-07-06,84511252,"IDEALPRO","USD.CNH",0,6.71263,6.71292,0
2022-07-06,84514372,"IDEALPRO","USD.CNH",0,6.71265,6.71292,0
2022-07-06,84515974,"IDEALPRO","USD.CNH",0,6.71265,6.71295,0
2022-07-06,84516419,"IDEALPRO","USD.CNH",0,6.71267,6.71295,0
2022-07-06,84517310,"IDEALPRO","USD.CNH",0,6.71269,6.71296,0
2022-07-06,84519838,"IDEALPRO","USD.CNH",0,6.71273,6.71301,0
2022-07-06,84520507,"IDEALPRO","USD.CNH",0,6.71271,6.71301,0
2022-07-06,84521622,"IDEALPRO","USD.CNH",0,6.71295,6.71322,0
2022-07-06,84522291,"IDEALPRO","USD.CNH",0,6.71273,6.7131,0
2022-07-06,84525897,"IDEALPRO","USD.CNH",0,6.71271,6.71311,0
2022-07-06,84526788,"IDEALPRO","USD.CNH",0,6.71321,6.71337,0
2022-07-06,84527010,"IDEALPRO","USD.CNH",0,6.71321,6.71329,0
2022-07-06,84530354,"IDEALPRO","USD.CNH",0,6.71321,6.71326,0
2022-07-06,84532359,"IDEALPRO","USD.CNH",0,6.71321,6.71328,0
2022-07-06,84533581,"IDEALPRO","USD.CNH",0,6.71305,6.71327,0
2022-07-06,84534026,"IDEALPRO","USD.CNH",0,6.71305,6.71321,0
2022-07-06,84539958,"IDEALPRO","USD.CNH",0,6.71299,6.71321,0
2022-07-06,84540848,"IDEALPRO","USD.CNH",0,6.71299,6.71326,0
2022-07-06,84542631,"IDEALPRO","USD.CNH",0,6.71304,6.71326,0
2022-07-06,84543522,"IDEALPRO","USD.CNH",0,6.713,6.71326,0
2022-07-06,84544860,"IDEALPRO","USD.CNH",0,6.71288,6.7132,0
2022-07-06,84545568,"IDEALPRO","USD.CNH",0,6.71289,6.7132,0
2022-07-06,84546480,"IDEALPRO","USD.CNH",0,6.71292,6.7132,0
2022-07-06,84548486,"IDEALPRO","USD.CNH",0,6.71292,6.71316,0
2022-07-06,84549823,"IDEALPRO","USD.CNH",0,6.71295,6.71316,0
2022-07-06,84550046,"IDEALPRO","USD.CNH",0,6.71295,6.71322,0
2022-07-06,84551829,"IDEALPRO","USD.CNH",0,6.71305,6.71333,0
2022-07-06,84552275,"IDEALPRO","USD.CNH",0,6.71311,6.71333,0
2022-07-06,84553613,"IDEALPRO","USD.CNH",0,6.71306,6.71331,0
