"InternalDate","Time","Exchange","Symbol","BidPrice2","BidPrice1","AskPrice1","AskPrice2"
2022-07-11,64929076,"IDEALPRO","USD.CNH",0,6.6845,6.69159,0
2022-07-11,65249604,"IDEALPRO","USD.CNH",0,6.68454,6.69162,0
2022-07-11,65301970,"IDEALPRO","USD.CNH",0,6.68454,6.69161,0
2022-07-11,65302191,"IDEALPRO","USD.CNH",0,6.68454,6.69162,0
2022-07-11,70011998,"IDEALPRO","USD.CNH",0,6.6852,6.69163,0
2022-07-11,70033231,"IDEALPRO","USD.CNH",0,6.68519,6.69163,0
2022-07-11,70044589,"IDEALPRO","USD.CNH",0,6.68656,6.6902,0
2022-07-11,70045032,"IDEALPRO","USD.CNH",0,6.68635,6.6902,0
2022-07-11,70047572,"IDEALPRO","USD.CNH",0,6.68634,6.6902,0
2022-07-11,70139736,"IDEALPRO","USD.CNH",0,6.68634,6.69002,0
2022-07-11,70142512,"IDEALPRO","USD.CNH",0,6.68635,6.68973,0
2022-07-11,70146133,"IDEALPRO","USD.CNH",0,6.68634,6.68973,0
2022-07-11,70147372,"IDEALPRO","USD.CNH",0,6.68634,6.69009,0
2022-07-11,70150255,"IDEALPRO","USD.CNH",0,6.68634,6.68993,0
2022-07-11,70151365,"IDEALPRO","USD.CNH",0,6.68635,6.68993,0
2022-07-11,70153583,"IDEALPRO","USD.CNH",0,6.68635,6.6899,0
2022-07-11,70155803,"IDEALPRO","USD.CNH",0,6.68635,6.68985,0
2022-07-11,70201275,"IDEALPRO","USD.CNH",0,6.68634,6.68967,0
2022-07-11,70202277,"IDEALPRO","USD.CNH",0,6.68635,6.68967,0
2022-07-11,70208208,"IDEALPRO","USD.CNH",0,6.68634,6.68999,0
2022-07-11,70210291,"IDEALPRO","USD.CNH",0,6.68635,6.68999,0
2022-07-11,70218808,"IDEALPRO","USD.CNH",0,6.68634,6.68996,0
2022-07-11,70224401,"IDEALPRO","USD.CNH",0,6.68635,6.68969,0
2022-07-11,70227198,"IDEALPRO","USD.CNH",0,6.68635,6.6897,0
2022-07-11,70236735,"IDEALPRO","USD.CNH",0,6.68635,6.68966,0
2022-07-11,70237401,"IDEALPRO","USD.CNH",0,6.68635,6.68977,0
2022-07-11,70238289,"IDEALPRO","USD.CNH",0,6.68634,6.68977,0
2022-07-11,70243152,"IDEALPRO","USD.CNH",0,6.68635,6.68977,0
2022-07-11,70244667,"IDEALPRO","USD.CNH",0,6.68635,6.68976,0
2022-07-11,70253359,"IDEALPRO","USD.CNH",0,6.68622,6.68969,0
2022-07-11,70254361,"IDEALPRO","USD.CNH",0,6.68622,6.68987,0
2022-07-11,70301087,"IDEALPRO","USD.CNH",0,6.68623,6.68987,0
2022-07-11,70302639,"IDEALPRO","USD.CNH",0,6.68612,6.68987,0
2022-07-11,70304219,"IDEALPRO","USD.CNH",0,6.68625,6.68987,0
2022-07-11,70306401,"IDEALPRO","USD.CNH",0,6.68625,6.68976,0
2022-07-11,70316994,"IDEALPRO","USD.CNH",0,6.68625,6.68973,0
2022-07-11,70326285,"IDEALPRO","USD.CNH",0,6.68625,6.6897,0
2022-07-11,70328296,"IDEALPRO","USD.CNH",0,6.68625,6.68964,0
2022-07-11,70338425,"IDEALPRO","USD.CNH",0,6.68625,6.68962,0
2022-07-11,70352490,"IDEALPRO","USD.CNH",0,6.68625,6.68961,0
2022-07-11,70403206,"IDEALPRO","USD.CNH",0,6.68625,6.6896,0
2022-07-11,70424491,"IDEALPRO","USD.CNH",0,6.68625,6.6895,0
2022-07-11,70429708,"IDEALPRO","USD.CNH",0,6.6883,6.68937,0
2022-07-11,70504367,"IDEALPRO","USD.CNH",0,6.6883,6.68936,0
2022-07-11,70509776,"IDEALPRO","USD.CNH",0,6.6883,6.68935,0
2022-07-11,70528588,"IDEALPRO","USD.CNH",0,6.6883,6.68942,0
2022-07-11,70529551,"IDEALPRO","USD.CNH",0,6.68618,6.68938,0
2022-07-11,70536219,"IDEALPRO","USD.CNH",0,6.68618,6.68937,0
2022-07-11,70539327,"IDEALPRO","USD.CNH",0,6.68597,6.68952,0
2022-07-11,70550222,"IDEALPRO","USD.CNH",0,6.68597,6.68949,0
2022-07-11,70602242,"IDEALPRO","USD.CNH",0,6.68597,6.68946,0
2022-07-11,70614470,"IDEALPRO","USD.CNH",0,6.68621,6.68947,0
2022-07-11,70618850,"IDEALPRO","USD.CNH",0,6.68621,6.6895,0
2022-07-11,70630856,"IDEALPRO","USD.CNH",0,6.68621,6.68948,0
2022-07-11,70639669,"IDEALPRO","USD.CNH",0,6.68621,6.68945,0
2022-07-11,70700457,"IDEALPRO","USD.CNH",0,6.68621,6.68944,0
2022-07-11,70705629,"IDEALPRO","USD.CNH",0,6.68621,6.68946,0
2022-07-11,70714277,"IDEALPRO","USD.CNH",0,6.68621,6.68945,0
2022-07-11,70716065,"IDEALPRO","USD.CNH",0,6.68621,6.68944,0
2022-07-11,70719785,"IDEALPRO","USD.CNH",0,6.68621,6.68944,0
2022-07-11,70759388,"IDEALPRO","USD.CNH",0,6.68621,6.68941,0
2022-07-11,70818880,"IDEALPRO","USD.CNH",0,6.68621,6.6894,0
2022-07-11,70819767,"IDEALPRO","USD.CNH",0,6.68621,6.6894,0
2022-07-11,70845395,"IDEALPRO","USD.CNH",0,6.68621,6.68938,0
2022-07-11,70851604,"IDEALPRO","USD.CNH",0,6.68621,6.68937,0
2022-07-11,70903866,"IDEALPRO","USD.CNH",0,6.68621,6.68938,0
2022-07-11,70909955,"IDEALPRO","USD.CNH",0,6.68632,6.68946,0
2022-07-11,70911507,"IDEALPRO","USD.CNH",0,6.68632,6.68929,0
2022-07-11,70917748,"IDEALPRO","USD.CNH",0,6.68632,6.68936,0
2022-07-11,70922154,"IDEALPRO","USD.CNH",0,6.68631,6.68936,0
2022-07-11,70926184,"IDEALPRO","USD.CNH",0,6.68631,6.68928,0
2022-07-11,71111660,"IDEALPRO","USD.CNH",0,6.68631,6.68936,0
2022-07-11,71159582,"IDEALPRO","USD.CNH",0,6.68631,6.68934,0
2022-07-11,71406941,"IDEALPRO","USD.CNH",0,6.68532,6.68933,0
2022-07-11,71548761,"IDEALPRO","USD.CNH",0,6.68532,6.68934,0
2022-07-11,71720568,"IDEALPRO","USD.CNH",0,6.68543,6.68934,0
2022-07-11,71735695,"IDEALPRO","USD.CNH",0,6.68543,6.68933,0
2022-07-11,71739880,"IDEALPRO","USD.CNH",0,6.68543,6.68934,0
2022-07-11,71746886,"IDEALPRO","USD.CNH",0,6.68551,6.68934,0
2022-07-11,71803940,"IDEALPRO","USD.CNH",0,6.68555,6.68934,0
2022-07-11,71825957,"IDEALPRO","USD.CNH",0,6.6853,6.68863,0
2022-07-11,71829084,"IDEALPRO","USD.CNH",0,6.68532,6.68863,0
2022-07-11,71835852,"IDEALPRO","USD.CNH",0,6.68536,6.68863,0
2022-07-11,71844266,"IDEALPRO","USD.CNH",0,6.68538,6.68863,0
2022-07-11,71849918,"IDEALPRO","USD.CNH",0,6.68541,6.68863,0
2022-07-11,71859734,"IDEALPRO","USD.CNH",0,6.68544,6.68863,0
2022-07-11,71901617,"IDEALPRO","USD.CNH",0,6.68545,6.68863,0
2022-07-11,71910609,"IDEALPRO","USD.CNH",0,6.68546,6.68863,0
2022-07-11,71927422,"IDEALPRO","USD.CNH",0,6.68549,6.68863,0
2022-07-11,71930858,"IDEALPRO","USD.CNH",0,6.6855,6.68863,0
2022-07-11,71932346,"IDEALPRO","USD.CNH",0,6.68551,6.68863,0
2022-07-11,71951334,"IDEALPRO","USD.CNH",0,6.68553,6.68863,0
2022-07-11,71958815,"IDEALPRO","USD.CNH",0,6.68554,6.68863,0
2022-07-11,72016811,"IDEALPRO","USD.CNH",0,6.6856,6.68927,0
2022-07-11,72017033,"IDEALPRO","USD.CNH",0,6.6856,6.68935,0
2022-07-11,72022865,"IDEALPRO","USD.CNH",0,6.6856,6.68897,0
2022-07-11,72023752,"IDEALPRO","USD.CNH",0,6.68554,6.68863,0
2022-07-11,72025749,"IDEALPRO","USD.CNH",0,6.6856,6.68897,0
2022-07-11,72127791,"IDEALPRO","USD.CNH",0,6.6856,6.68897,0
2022-07-11,72200372,"IDEALPRO","USD.CNH",0,6.68561,6.68899,0
2022-07-11,72214261,"IDEALPRO","USD.CNH",0,6.6856,6.68898,0
2022-07-11,72253934,"IDEALPRO","USD.CNH",0,6.68561,6.68898,0
2022-07-11,72412647,"IDEALPRO","USD.CNH",0,6.68561,6.68898,0
2022-07-11,72418680,"IDEALPRO","USD.CNH",0,6.6856,6.68897,0
2022-07-11,72442422,"IDEALPRO","USD.CNH",0,6.68559,6.68897,0
2022-07-11,72511031,"IDEALPRO","USD.CNH",0,6.6856,6.68897,0
2022-07-11,72521557,"IDEALPRO","USD.CNH",0,6.68559,6.68897,0
2022-07-11,72543790,"IDEALPRO","USD.CNH",0,6.68559,6.68896,0
2022-07-11,72706358,"IDEALPRO","USD.CNH",0,6.68556,6.68892,0
2022-07-11,72711465,"IDEALPRO","USD.CNH",0,6.68513,6.68891,0
2022-07-11,72719502,"IDEALPRO","USD.CNH",0,6.68542,6.68891,0
2022-07-11,72807778,"IDEALPRO","USD.CNH",0,6.68542,6.68891,0
2022-07-11,72826744,"IDEALPRO","USD.CNH",0,6.68542,6.6889,0
2022-07-11,72857692,"IDEALPRO","USD.CNH",0,6.68542,6.6889,0
2022-07-11,72941862,"IDEALPRO","USD.CNH",0,6.68545,6.68894,0
2022-07-11,72951936,"IDEALPRO","USD.CNH",0,6.68545,6.68893,0
2022-07-11,72954685,"IDEALPRO","USD.CNH",0,6.68544,6.68893,0
2022-07-11,73000857,"IDEALPRO","USD.CNH",0,6.68544,6.68893,0
2022-07-11,73040973,"IDEALPRO","USD.CNH",0,6.68544,6.68892,0
2022-07-11,73109775,"IDEALPRO","USD.CNH",0,6.68544,6.68892,0
2022-07-11,73120647,"IDEALPRO","USD.CNH",0,6.68543,6.68892,0
2022-07-11,73206231,"IDEALPRO","USD.CNH",0,6.68543,6.68891,0
2022-07-11,73239516,"IDEALPRO","USD.CNH",0,6.68542,6.68891,0
2022-07-11,73240776,"IDEALPRO","USD.CNH",0,6.68542,6.68891,0
2022-07-11,73334858,"IDEALPRO","USD.CNH",0,6.68542,6.6889,0
2022-07-11,73404428,"IDEALPRO","USD.CNH",0,6.68541,6.6889,0
2022-07-11,73408276,"IDEALPRO","USD.CNH",0,6.68548,6.68898,0
2022-07-11,73409501,"IDEALPRO","USD.CNH",0,6.68375,6.68932,0
2022-07-11,73412284,"IDEALPRO","USD.CNH",0,6.68375,6.68931,0
2022-07-11,73414065,"IDEALPRO","USD.CNH",0,6.68375,6.68929,0
2022-07-11,73423984,"IDEALPRO","USD.CNH",0,6.68375,6.68931,0
2022-07-11,73441896,"IDEALPRO","USD.CNH",0,6.68376,6.68932,0
2022-07-11,73451784,"IDEALPRO","USD.CNH",0,6.68375,6.68931,0
2022-07-11,73454503,"IDEALPRO","USD.CNH",0,6.68499,6.68916,0
2022-07-11,73501371,"IDEALPRO","USD.CNH",0,6.68499,6.68908,0
2022-07-11,73517901,"IDEALPRO","USD.CNH",0,6.68416,6.6892,0
2022-07-11,73518122,"IDEALPRO","USD.CNH",0,6.68361,6.68937,0
2022-07-11,73519824,"IDEALPRO","USD.CNH",0,6.68354,6.68937,0
2022-07-11,73527954,"IDEALPRO","USD.CNH",0,6.68355,6.68938,0
2022-07-11,73531288,"IDEALPRO","USD.CNH",0,6.68363,6.68938,0
2022-07-11,73556965,"IDEALPRO","USD.CNH",0,6.68597,6.68752,0
2022-07-11,73557631,"IDEALPRO","USD.CNH",0,6.68607,6.6876,0
2022-07-11,73559905,"IDEALPRO","USD.CNH",0,6.68581,6.68737,0
2022-07-11,73600571,"IDEALPRO","USD.CNH",0,6.68592,6.68747,0
2022-07-11,73601903,"IDEALPRO","USD.CNH",0,6.68374,6.69012,0
2022-07-11,73602792,"IDEALPRO","USD.CNH",0,6.68392,6.69005,0
2022-07-11,73603013,"IDEALPRO","USD.CNH",0,6.68378,6.69013,0
2022-07-11,73606368,"IDEALPRO","USD.CNH",0,6.68378,6.68946,0
2022-07-11,73608588,"IDEALPRO","USD.CNH",0,6.68379,6.68946,0
2022-07-11,73609294,"IDEALPRO","USD.CNH",0,6.68379,6.68945,0
2022-07-11,73611291,"IDEALPRO","USD.CNH",0,6.68379,6.68946,0
2022-07-11,73621174,"IDEALPRO","USD.CNH",0,6.68378,6.68946,0
2022-07-11,73638225,"IDEALPRO","USD.CNH",0,6.68379,6.68946,0
2022-07-11,73639374,"IDEALPRO","USD.CNH",0,6.68379,6.68947,0
2022-07-11,73642261,"IDEALPRO","USD.CNH",0,6.68378,6.68947,0
2022-07-11,73644259,"IDEALPRO","USD.CNH",0,6.68378,6.68945,0
2022-07-11,73649217,"IDEALPRO","USD.CNH",0,6.68379,6.68945,0
2022-07-11,73651937,"IDEALPRO","USD.CNH",0,6.68379,6.68944,0
2022-07-11,73652159,"IDEALPRO","USD.CNH",0,6.68379,6.68945,0
2022-07-11,73655265,"IDEALPRO","USD.CNH",0,6.68378,6.68945,0
2022-07-11,73656375,"IDEALPRO","USD.CNH",0,6.68379,6.68947,0
2022-07-11,73657263,"IDEALPRO","USD.CNH",0,6.68379,6.68945,0
2022-07-11,73701299,"IDEALPRO","USD.CNH",0,6.68378,6.68945,0
2022-07-11,73705315,"IDEALPRO","USD.CNH",0,6.68378,6.68948,0
2022-07-11,73711258,"IDEALPRO","USD.CNH",0,6.68379,6.68948,0
2022-07-11,73721597,"IDEALPRO","USD.CNH",0,6.68372,6.68944,0
2022-07-11,73722720,"IDEALPRO","USD.CNH",0,6.68372,6.6894,0
2022-07-11,73732914,"IDEALPRO","USD.CNH",0,6.68372,6.68944,0
2022-07-11,73735019,"IDEALPRO","USD.CNH",0,6.68373,6.68944,0
2022-07-11,73747237,"IDEALPRO","USD.CNH",0,6.68372,6.68944,0
2022-07-11,73759510,"IDEALPRO","USD.CNH",0,6.68371,6.68944,0
2022-07-11,73800397,"IDEALPRO","USD.CNH",0,6.68372,6.68936,0
2022-07-11,73807822,"IDEALPRO","USD.CNH",0,6.68371,6.68936,0
2022-07-11,73827940,"IDEALPRO","USD.CNH",0,6.68485,6.68936,0
2022-07-11,73828606,"IDEALPRO","USD.CNH",0,6.68491,6.68847,0
2022-07-11,73831268,"IDEALPRO","USD.CNH",0,6.68491,6.68845,0
2022-07-11,73832157,"IDEALPRO","USD.CNH",0,6.68491,6.68846,0
2022-07-11,73841247,"IDEALPRO","USD.CNH",0,6.68491,6.68845,0
2022-07-11,73845154,"IDEALPRO","USD.CNH",0,6.68491,6.68846,0
2022-07-11,73850286,"IDEALPRO","USD.CNH",0,6.68491,6.68845,0
2022-07-11,73851173,"IDEALPRO","USD.CNH",0,6.68491,6.68846,0
2022-07-11,73853199,"IDEALPRO","USD.CNH",0,6.68491,6.68845,0
2022-07-11,73855273,"IDEALPRO","USD.CNH",0,6.68491,6.68846,0
2022-07-11,73901112,"IDEALPRO","USD.CNH",0,6.68491,6.68845,0
2022-07-11,73910194,"IDEALPRO","USD.CNH",0,6.68491,6.68846,0
2022-07-11,73926364,"IDEALPRO","USD.CNH",0,6.68491,6.68845,0
2022-07-11,73939136,"IDEALPRO","USD.CNH",0,6.68491,6.68846,0
2022-07-11,73956152,"IDEALPRO","USD.CNH",0,6.68491,6.68845,0
2022-07-11,74017787,"IDEALPRO","USD.CNH",0,6.68494,6.68847,0
2022-07-11,74018452,"IDEALPRO","USD.CNH",0,6.68495,6.68846,0
2022-07-11,74029826,"IDEALPRO","USD.CNH",0,6.68495,6.68865,0
2022-07-11,74050244,"IDEALPRO","USD.CNH",0,6.68495,6.68864,0
2022-07-11,74103511,"IDEALPRO","USD.CNH",0,6.68496,6.68863,0
2022-07-11,74107577,"IDEALPRO","USD.CNH",0,6.68496,6.68865,0
2022-07-11,74112782,"IDEALPRO","USD.CNH",0,6.6851,6.68865,0
2022-07-11,74113448,"IDEALPRO","USD.CNH",0,6.6851,6.68847,0
2022-07-11,74146584,"IDEALPRO","USD.CNH",0,6.6851,6.68872,0
2022-07-11,74152681,"IDEALPRO","USD.CNH",0,6.6851,6.68862,0
2022-07-11,74157980,"IDEALPRO","USD.CNH",0,6.68527,6.68862,0
2022-07-11,74207827,"IDEALPRO","USD.CNH",0,6.68529,6.68862,0
2022-07-11,74208977,"IDEALPRO","USD.CNH",0,6.68529,6.68854,0
2022-07-11,74220296,"IDEALPRO","USD.CNH",0,6.68529,6.68854,0
2022-07-11,74221850,"IDEALPRO","USD.CNH",0,6.68529,6.68865,0
2022-07-11,74222073,"IDEALPRO","USD.CNH",0,6.68536,6.68896,0
2022-07-11,74237773,"IDEALPRO","USD.CNH",0,6.68569,6.68913,0
2022-07-11,74241745,"IDEALPRO","USD.CNH",0,6.68569,6.68912,0
2022-07-11,74303596,"IDEALPRO","USD.CNH",0,6.68569,6.68901,0
2022-07-11,74306502,"IDEALPRO","USD.CNH",0,6.68468,6.6901,0
2022-07-11,74308987,"IDEALPRO","USD.CNH",0,6.68464,6.6901,0
2022-07-11,74311717,"IDEALPRO","USD.CNH",0,6.68463,6.68969,0
2022-07-11,74312827,"IDEALPRO","USD.CNH",0,6.68464,6.69004,0
2022-07-11,74313815,"IDEALPRO","USD.CNH",0,6.68451,6.68983,0
2022-07-11,74314817,"IDEALPRO","USD.CNH",0,6.68448,6.69005,0
2022-07-11,74317443,"IDEALPRO","USD.CNH",0,6.68448,6.69009,0
2022-07-11,74400777,"IDEALPRO","USD.CNH",0,6.68449,6.6901,0
2022-07-11,74413165,"IDEALPRO","USD.CNH",0,6.68458,6.69016,0
2022-07-11,74415391,"IDEALPRO","USD.CNH",0,6.68454,6.69023,0
2022-07-11,74421809,"IDEALPRO","USD.CNH",0,6.68449,6.69029,0
2022-07-11,74433738,"IDEALPRO","USD.CNH",0,6.68449,6.6903,0
2022-07-11,74436507,"IDEALPRO","USD.CNH",0,6.68449,6.69029,0
2022-07-11,74456948,"IDEALPRO","USD.CNH",0,6.6845,6.6903,0
2022-07-11,74504312,"IDEALPRO","USD.CNH",0,6.68449,6.69029,0
2022-07-11,74635290,"IDEALPRO","USD.CNH",0,6.68504,6.69015,0
2022-07-11,74645928,"IDEALPRO","USD.CNH",0,6.68504,6.69014,0
2022-07-11,74654356,"IDEALPRO","USD.CNH",0,6.68509,6.69015,0
2022-07-11,74700200,"IDEALPRO","USD.CNH",0,6.68488,6.69014,0
2022-07-11,74728866,"IDEALPRO","USD.CNH",0,6.68695,6.69075,0
2022-07-11,74729569,"IDEALPRO","USD.CNH",0,6.68689,6.69075,0
2022-07-11,74732173,"IDEALPRO","USD.CNH",0,6.68705,6.69075,0
2022-07-11,74733942,"IDEALPRO","USD.CNH",0,6.68709,6.69075,0
2022-07-11,74735365,"IDEALPRO","USD.CNH",0,6.68854,6.69014,0
2022-07-11,74739888,"IDEALPRO","USD.CNH",0,6.68842,6.69025,0
2022-07-11,74753644,"IDEALPRO","USD.CNH",0,6.68872,6.69047,0
2022-07-11,74801852,"IDEALPRO","USD.CNH",0,6.68804,6.69075,0
2022-07-11,74803849,"IDEALPRO","USD.CNH",0,6.68803,6.69075,0
2022-07-11,74805182,"IDEALPRO","USD.CNH",0,6.68803,6.69085,0
2022-07-11,74807020,"IDEALPRO","USD.CNH",0,6.68806,6.69085,0
2022-07-11,74810832,"IDEALPRO","USD.CNH",0,6.68809,6.69085,0
2022-07-11,74813052,"IDEALPRO","USD.CNH",0,6.68814,6.69085,0
2022-07-11,74817313,"IDEALPRO","USD.CNH",0,6.68818,6.69085,0
2022-07-11,74821005,"IDEALPRO","USD.CNH",0,6.68823,6.69085,0
2022-07-11,74824817,"IDEALPRO","USD.CNH",0,6.68825,6.69085,0
2022-07-11,74829315,"IDEALPRO","USD.CNH",0,6.68828,6.69085,0
2022-07-11,74831980,"IDEALPRO","USD.CNH",0,6.68832,6.69085,0
2022-07-11,74836920,"IDEALPRO","USD.CNH",0,6.68835,6.69081,0
2022-07-11,74841108,"IDEALPRO","USD.CNH",0,6.68837,6.69081,0
2022-07-11,74851305,"IDEALPRO","USD.CNH",0,6.68844,6.69081,0
2022-07-11,74857138,"IDEALPRO","USD.CNH",0,6.68847,6.69081,0
2022-07-11,74900286,"IDEALPRO","USD.CNH",0,6.68848,6.69081,0
2022-07-11,74905976,"IDEALPRO","USD.CNH",0,6.68852,6.69081,0
2022-07-11,74906420,"IDEALPRO","USD.CNH",0,6.68843,6.69079,0
2022-07-11,74912846,"IDEALPRO","USD.CNH",0,6.68846,6.69078,0
2022-07-11,74920962,"IDEALPRO","USD.CNH",0,6.68849,6.69075,0
2022-07-11,74929483,"IDEALPRO","USD.CNH",0,6.68852,6.69072,0
2022-07-11,74942970,"IDEALPRO","USD.CNH",0,6.68856,6.69069,0
2022-07-11,74943857,"IDEALPRO","USD.CNH",0,6.68896,6.69081,0
2022-07-11,74947939,"IDEALPRO","USD.CNH",0,6.68863,6.69063,0
2022-07-11,74955459,"IDEALPRO","USD.CNH",0,6.68865,6.69063,0
2022-07-11,74959750,"IDEALPRO","USD.CNH",0,6.68865,6.69061,0
2022-07-11,75000860,"IDEALPRO","USD.CNH",0,6.68866,6.69062,0
2022-07-11,75004864,"IDEALPRO","USD.CNH",0,6.68872,6.69056,0
2022-07-11,75038616,"IDEALPRO","USD.CNH",0,6.68873,6.69053,0
2022-07-11,75139772,"IDEALPRO","USD.CNH",0,6.68875,6.6905,0
2022-07-11,75200310,"IDEALPRO","USD.CNH",0,6.68879,6.69053,0
2022-07-11,75202974,"IDEALPRO","USD.CNH",0,6.68879,6.69052,0
2022-07-11,75215718,"IDEALPRO","USD.CNH",0,6.68881,6.69052,0
2022-07-11,75224126,"IDEALPRO","USD.CNH",0,6.68883,6.69054,0
2022-07-11,75225979,"IDEALPRO","USD.CNH",0,6.68864,6.69033,0
2022-07-11,75232049,"IDEALPRO","USD.CNH",0,6.68865,6.69032,0
2022-07-11,75241612,"IDEALPRO","USD.CNH",0,6.68866,6.6903,0
2022-07-11,75256605,"IDEALPRO","USD.CNH",0,6.68869,6.69028,0
2022-07-11,75259687,"IDEALPRO","USD.CNH",0,6.68869,6.69027,0
2022-07-11,75313052,"IDEALPRO","USD.CNH",0,6.68874,6.69029,0
2022-07-11,75317639,"IDEALPRO","USD.CNH",0,6.68872,6.69026,0
2022-07-11,75323228,"IDEALPRO","USD.CNH",0,6.68873,6.69027,0
2022-07-11,75330767,"IDEALPRO","USD.CNH",0,6.68861,6.69013,0
2022-07-11,75332465,"IDEALPRO","USD.CNH",0,6.68855,6.69006,0
2022-07-11,75333568,"IDEALPRO","USD.CNH",0,6.68855,6.69006,0
2022-07-11,75334648,"IDEALPRO","USD.CNH",0,6.68855,6.69005,0
2022-07-11,75345927,"IDEALPRO","USD.CNH",0,6.68857,6.69003,0
2022-07-11,75347723,"IDEALPRO","USD.CNH",0,6.6886,6.69004,0
2022-07-11,75350885,"IDEALPRO","USD.CNH",0,6.6886,6.69001,0
2022-07-11,75354006,"IDEALPRO","USD.CNH",0,6.68854,6.68993,0
2022-07-11,75401968,"IDEALPRO","USD.CNH",0,6.6888,6.68937,0
2022-07-11,75402190,"IDEALPRO","USD.CNH",0,6.6888,6.68939,0
2022-07-11,75405742,"IDEALPRO","USD.CNH",0,6.68885,6.69014,0
2022-07-11,75409836,"IDEALPRO","USD.CNH",0,6.68882,6.69013,0
2022-07-11,75419759,"IDEALPRO","USD.CNH",0,6.68884,6.69014,0
2022-07-11,75424939,"IDEALPRO","USD.CNH",0,6.68885,6.69014,0
2022-07-11,75426635,"IDEALPRO","USD.CNH",0,6.6888,6.69018,0
2022-07-11,75430964,"IDEALPRO","USD.CNH",0,6.68876,6.69014,0
2022-07-11,75442447,"IDEALPRO","USD.CNH",0,6.68866,6.69003,0
2022-07-11,75456414,"IDEALPRO","USD.CNH",0,6.68867,6.68998,0
2022-07-11,75500723,"IDEALPRO","USD.CNH",0,6.68864,6.68995,0
2022-07-11,75537784,"IDEALPRO","USD.CNH",0,6.68868,6.68995,0
2022-07-11,75539933,"IDEALPRO","USD.CNH",0,6.68913,6.69016,0
2022-07-11,75627291,"IDEALPRO","USD.CNH",0,6.68915,6.69016,0
2022-07-11,75756414,"IDEALPRO","USD.CNH",0,6.68916,6.69016,0
2022-07-11,75931683,"IDEALPRO","USD.CNH",0,6.68955,6.69078,0
2022-07-11,75936870,"IDEALPRO","USD.CNH",0,6.68959,6.69083,0
2022-07-11,75938317,"IDEALPRO","USD.CNH",0,6.68955,6.69087,0
2022-07-11,75939737,"IDEALPRO","USD.CNH",0,6.68952,6.69084,0
2022-07-11,75948348,"IDEALPRO","USD.CNH",0,6.68951,6.69086,0
2022-07-11,75949053,"IDEALPRO","USD.CNH",0,6.68938,6.69073,0
2022-07-11,80000840,"IDEALPRO","USD.CNH",0,6.68909,6.68959,0
2022-07-11,80001950,"IDEALPRO","USD.CNH",0,6.68906,6.68958,0
2022-07-11,80002837,"IDEALPRO","USD.CNH",0,6.68915,6.68973,0
2022-07-11,80003946,"IDEALPRO","USD.CNH",0,6.68915,6.68971,0
2022-07-11,80008609,"IDEALPRO","USD.CNH",0,6.68933,6.69011,0
2022-07-11,80009536,"IDEALPRO","USD.CNH",0,6.68933,6.6901,0
2022-07-11,80010425,"IDEALPRO","USD.CNH",0,6.68933,6.6901,0
2022-07-11,80012645,"IDEALPRO","USD.CNH",0,6.68928,6.68996,0
2022-07-11,80014420,"IDEALPRO","USD.CNH",0,6.68928,6.68986,0
2022-07-11,80016418,"IDEALPRO","USD.CNH",0,6.68928,6.68992,0
2022-07-11,80018900,"IDEALPRO","USD.CNH",0,6.68955,6.68997,0
2022-07-11,80019566,"IDEALPRO","USD.CNH",0,6.6895,6.68997,0
2022-07-11,80020897,"IDEALPRO","USD.CNH",0,6.68943,6.68997,0
2022-07-11,80027332,"IDEALPRO","USD.CNH",0,6.68943,6.68996,0
2022-07-11,80032517,"IDEALPRO","USD.CNH",0,6.68934,6.69002,0
2022-07-11,80034118,"IDEALPRO","USD.CNH",0,6.68934,6.6901,0
2022-07-11,80038336,"IDEALPRO","USD.CNH",0,6.68957,6.69019,0
2022-07-11,80040373,"IDEALPRO","USD.CNH",0,6.68957,6.69011,0
2022-07-11,80042814,"IDEALPRO","USD.CNH",0,6.6896,6.69011,0
2022-07-11,80043036,"IDEALPRO","USD.CNH",0,6.6896,6.69018,0
2022-07-11,80048807,"IDEALPRO","USD.CNH",0,6.68965,6.6902,0
2022-07-11,80049291,"IDEALPRO","USD.CNH",0,6.68965,6.69019,0
2022-07-11,80052619,"IDEALPRO","USD.CNH",0,6.68965,6.69016,0
2022-07-11,80104419,"IDEALPRO","USD.CNH",0,6.68951,6.69022,0
2022-07-11,80107970,"IDEALPRO","USD.CNH",0,6.68951,6.69022,0
2022-07-11,80109787,"IDEALPRO","USD.CNH",0,6.68948,6.69022,0
2022-07-11,80110896,"IDEALPRO","USD.CNH",0,6.68913,6.68987,0
2022-07-11,80111785,"IDEALPRO","USD.CNH",0,6.68913,6.68987,0
2022-07-11,80114891,"IDEALPRO","USD.CNH",0,6.68913,6.68987,0
2022-07-11,80115558,"IDEALPRO","USD.CNH",0,6.68913,6.68988,0
2022-07-11,80116224,"IDEALPRO","USD.CNH",0,6.68909,6.68992,0
2022-07-11,80117831,"IDEALPRO","USD.CNH",0,6.68909,6.68991,0
2022-07-11,80139058,"IDEALPRO","USD.CNH",0,6.68909,6.68992,0
2022-07-11,80225832,"IDEALPRO","USD.CNH",0,6.6894,6.68999,0
2022-07-11,80226053,"IDEALPRO","USD.CNH",0,6.6893,6.69014,0
2022-07-11,80228955,"IDEALPRO","USD.CNH",0,6.6893,6.69015,0
2022-07-11,80229882,"IDEALPRO","USD.CNH",0,6.68974,6.69064,0
2022-07-11,80230327,"IDEALPRO","USD.CNH",0,6.68997,6.69084,0
2022-07-11,80240585,"IDEALPRO","USD.CNH",0,6.69002,6.69084,0
2022-07-11,80245822,"IDEALPRO","USD.CNH",0,6.69007,6.69084,0
2022-07-11,80254663,"IDEALPRO","USD.CNH",0,6.69012,6.69102,0
2022-07-11,80255328,"IDEALPRO","USD.CNH",0,6.69012,6.69087,0
2022-07-11,80300744,"IDEALPRO","USD.CNH",0,6.69015,6.69087,0
2022-07-11,80302741,"IDEALPRO","USD.CNH",0,6.6901,6.69087,0
2022-07-11,80304074,"IDEALPRO","USD.CNH",0,6.69014,6.69087,0
2022-07-11,80306738,"IDEALPRO","USD.CNH",0,6.69012,6.69087,0
2022-07-11,80323508,"IDEALPRO","USD.CNH",0,6.69004,6.69087,0
2022-07-11,80324397,"IDEALPRO","USD.CNH",0,6.69016,6.69087,0
2022-07-11,80328996,"IDEALPRO","USD.CNH",0,6.68995,6.69087,0
2022-07-11,80329479,"IDEALPRO","USD.CNH",0,6.69009,6.69087,0
2022-07-11,80330810,"IDEALPRO","USD.CNH",0,6.68999,6.69087,0
2022-07-11,80332587,"IDEALPRO","USD.CNH",0,6.69008,6.69087,0
2022-07-11,80353812,"IDEALPRO","USD.CNH",0,6.69008,6.69086,0
2022-07-11,80354749,"IDEALPRO","USD.CNH",0,6.69013,6.69087,0
2022-07-11,80355637,"IDEALPRO","USD.CNH",0,6.69013,6.69087,0
2022-07-11,80356526,"IDEALPRO","USD.CNH",0,6.69018,6.69087,0
2022-07-11,80400781,"IDEALPRO","USD.CNH",0,6.69021,6.69087,0
2022-07-11,80401668,"IDEALPRO","USD.CNH",0,6.6902,6.69087,0
2022-07-11,80402556,"IDEALPRO","USD.CNH",0,6.6902,6.69087,0
2022-07-11,80405669,"IDEALPRO","USD.CNH",0,6.69013,6.69087,0
2022-07-11,80406557,"IDEALPRO","USD.CNH",0,6.69013,6.69087,0
2022-07-11,80407445,"IDEALPRO","USD.CNH",0,6.6902,6.69086,0
2022-07-11,80412810,"IDEALPRO","USD.CNH",0,6.69015,6.69087,0
2022-07-11,80415294,"IDEALPRO","USD.CNH",0,6.69013,6.69087,0
2022-07-11,80416848,"IDEALPRO","USD.CNH",0,6.69013,6.69087,0
2022-07-11,80418844,"IDEALPRO","USD.CNH",0,6.69016,6.69087,0
2022-07-11,80419549,"IDEALPRO","USD.CNH",0,6.69023,6.69087,0
2022-07-11,80421991,"IDEALPRO","USD.CNH",0,6.69026,6.69087,0
2022-07-11,80429797,"IDEALPRO","USD.CNH",0,6.69026,6.69085,0
2022-07-11,80430505,"IDEALPRO","USD.CNH",0,6.69026,6.69086,0
2022-07-11,80436824,"IDEALPRO","USD.CNH",0,6.6903,6.69086,0
2022-07-11,80446644,"IDEALPRO","USD.CNH",0,6.6903,6.69091,0
2022-07-11,80447754,"IDEALPRO","USD.CNH",0,6.68968,6.69038,0
2022-07-11,80448642,"IDEALPRO","USD.CNH",0,6.68943,6.69044,0
2022-07-11,80450458,"IDEALPRO","USD.CNH",0,6.68943,6.69047,0
2022-07-11,80451346,"IDEALPRO","USD.CNH",0,6.68928,6.69044,0
2022-07-11,80452677,"IDEALPRO","USD.CNH",0,6.68931,6.6904,0
2022-07-11,80454676,"IDEALPRO","USD.CNH",0,6.68935,6.6904,0
2022-07-11,80456494,"IDEALPRO","USD.CNH",0,6.68938,6.69028,0
2022-07-11,80458491,"IDEALPRO","USD.CNH",0,6.68941,6.69008,0
2022-07-11,80501510,"IDEALPRO","USD.CNH",0,6.68941,6.69005,0
2022-07-11,80502843,"IDEALPRO","USD.CNH",0,6.68931,6.68993,0
2022-07-11,80503731,"IDEALPRO","USD.CNH",0,6.68927,6.68989,0
2022-07-11,80504174,"IDEALPRO","USD.CNH",0,6.68927,6.6899,0
2022-07-11,80505062,"IDEALPRO","USD.CNH",0,6.68927,6.68989,0
2022-07-11,80506839,"IDEALPRO","USD.CNH",0,6.68924,6.68989,0
2022-07-11,80508615,"IDEALPRO","USD.CNH",0,6.68918,6.68982,0
2022-07-11,80511820,"IDEALPRO","USD.CNH",0,6.68916,6.68988,0
2022-07-11,80512485,"IDEALPRO","USD.CNH",0,6.68916,6.68997,0
2022-07-11,80518510,"IDEALPRO","USD.CNH",0,6.68916,6.68998,0
2022-07-11,80520547,"IDEALPRO","USD.CNH",0,6.68943,6.6901,0
2022-07-11,80522988,"IDEALPRO","USD.CNH",0,6.68943,6.69001,0
2022-07-11,80528882,"IDEALPRO","USD.CNH",0,6.68928,6.68985,0
2022-07-11,80529588,"IDEALPRO","USD.CNH",0,6.68917,6.68979,0
2022-07-11,80530924,"IDEALPRO","USD.CNH",0,6.68917,6.68979,0
2022-07-11,80531146,"IDEALPRO","USD.CNH",0,6.68917,6.68981,0
2022-07-11,80533809,"IDEALPRO","USD.CNH",0,6.68912,6.68981,0
2022-07-11,80536511,"IDEALPRO","USD.CNH",0,6.68912,6.68988,0
2022-07-11,80538796,"IDEALPRO","USD.CNH",0,6.68908,6.68987,0
2022-07-11,80540167,"IDEALPRO","USD.CNH",0,6.68908,6.68988,0
2022-07-11,80541879,"IDEALPRO","USD.CNH",0,6.68908,6.6899,0
2022-07-11,80542989,"IDEALPRO","USD.CNH",0,6.68908,6.68991,0
2022-07-11,80545952,"IDEALPRO","USD.CNH",0,6.68912,6.68991,0
2022-07-11,80546174,"IDEALPRO","USD.CNH",0,6.68912,6.68989,0
2022-07-11,80548852,"IDEALPRO","USD.CNH",0,6.68913,6.68987,0
2022-07-11,80549073,"IDEALPRO","USD.CNH",0,6.68913,6.68984,0
2022-07-11,80550889,"IDEALPRO","USD.CNH",0,6.68912,6.68993,0
2022-07-11,80551555,"IDEALPRO","USD.CNH",0,6.68908,6.68982,0
2022-07-11,80553365,"IDEALPRO","USD.CNH",0,6.68908,6.68982,0
2022-07-11,80554746,"IDEALPRO","USD.CNH",0,6.68914,6.68991,0
2022-07-11,80555634,"IDEALPRO","USD.CNH",0,6.68914,6.68991,0
2022-07-11,80558740,"IDEALPRO","USD.CNH",0,6.68907,6.68983,0
2022-07-11,80600999,"IDEALPRO","USD.CNH",0,6.68907,6.68982,0
2022-07-11,80602553,"IDEALPRO","USD.CNH",0,6.68907,6.68984,0
2022-07-11,80607483,"IDEALPRO","USD.CNH",0,6.68908,6.68984,0
2022-07-11,80613956,"IDEALPRO","USD.CNH",0,6.68908,6.68983,0
2022-07-11,80615731,"IDEALPRO","USD.CNH",0,6.68908,6.68982,0
2022-07-11,80619545,"IDEALPRO","USD.CNH",0,6.6889,6.68963,0
2022-07-11,80624206,"IDEALPRO","USD.CNH",0,6.6889,6.68968,0
2022-07-11,80629830,"IDEALPRO","USD.CNH",0,6.6889,6.6898,0
2022-07-11,80630051,"IDEALPRO","USD.CNH",0,6.6889,6.68981,0
2022-07-11,80634770,"IDEALPRO","USD.CNH",0,6.6889,6.68982,0
2022-07-11,80639903,"IDEALPRO","USD.CNH",0,6.68888,6.68977,0
2022-07-11,80640346,"IDEALPRO","USD.CNH",0,6.68881,6.68961,0
2022-07-11,80645452,"IDEALPRO","USD.CNH",0,6.68871,6.68954,0
2022-07-11,80646339,"IDEALPRO","USD.CNH",0,6.68879,6.68964,0
2022-07-11,80651932,"IDEALPRO","USD.CNH",0,6.68877,6.68964,0
2022-07-11,80652154,"IDEALPRO","USD.CNH",0,6.68877,6.68966,0
2022-07-11,80654596,"IDEALPRO","USD.CNH",0,6.68882,6.6897,0
2022-07-11,80655262,"IDEALPRO","USD.CNH",0,6.68882,6.68973,0
2022-07-11,80658582,"IDEALPRO","USD.CNH",0,6.68892,6.68972,0
2022-07-11,80701725,"IDEALPRO","USD.CNH",0,6.68905,6.68982,0
2022-07-11,80702613,"IDEALPRO","USD.CNH",0,6.68898,6.68984,0
2022-07-11,80703946,"IDEALPRO","USD.CNH",0,6.68896,6.68983,0
2022-07-11,80704168,"IDEALPRO","USD.CNH",0,6.68896,6.68966,0
2022-07-11,80708830,"IDEALPRO","USD.CNH",0,6.68897,6.68964,0
2022-07-11,80709313,"IDEALPRO","USD.CNH",0,6.68888,6.68967,0
2022-07-11,80713529,"IDEALPRO","USD.CNH",0,6.68888,6.68969,0
2022-07-11,80716638,"IDEALPRO","USD.CNH",0,6.68888,6.68966,0
2022-07-11,80717081,"IDEALPRO","USD.CNH",0,6.68888,6.68956,0
2022-07-11,80718636,"IDEALPRO","USD.CNH",0,6.68888,6.68952,0
2022-07-11,80719563,"IDEALPRO","USD.CNH",0,6.68881,6.68958,0
2022-07-11,80720452,"IDEALPRO","USD.CNH",0,6.68881,6.68953,0
2022-07-11,80721340,"IDEALPRO","USD.CNH",0,6.68881,6.6895,0
2022-07-11,80722450,"IDEALPRO","USD.CNH",0,6.68881,6.68947,0
2022-07-11,80725780,"IDEALPRO","USD.CNH",0,6.68885,6.68961,0
2022-07-11,80726889,"IDEALPRO","USD.CNH",0,6.6889,6.68964,0
2022-07-11,80727111,"IDEALPRO","USD.CNH",0,6.6889,6.68951,0
2022-07-11,80728444,"IDEALPRO","USD.CNH",0,6.68891,6.68969,0
2022-07-11,80729166,"IDEALPRO","USD.CNH",0,6.68898,6.68973,0
2022-07-11,80730276,"IDEALPRO","USD.CNH",0,6.68898,6.68973,0
2022-07-11,80740484,"IDEALPRO","USD.CNH",0,6.68898,6.68971,0
2022-07-11,80749760,"IDEALPRO","USD.CNH",0,6.68894,6.68954,0
2022-07-11,80752867,"IDEALPRO","USD.CNH",0,6.68894,6.68953,0
2022-07-11,80753756,"IDEALPRO","USD.CNH",0,6.68894,6.68954,0
2022-07-11,80754867,"IDEALPRO","USD.CNH",0,6.68885,6.68954,0
2022-07-11,80755310,"IDEALPRO","USD.CNH",0,6.68889,6.68954,0
2022-07-11,80803560,"IDEALPRO","USD.CNH",0,6.68891,6.68971,0
2022-07-11,80805780,"IDEALPRO","USD.CNH",0,6.68903,6.68972,0
2022-07-11,80808444,"IDEALPRO","USD.CNH",0,6.68897,6.68967,0
2022-07-11,80810275,"IDEALPRO","USD.CNH",0,6.68894,6.68961,0
2022-07-11,80811828,"IDEALPRO","USD.CNH",0,6.6887,6.68922,0
2022-07-11,80824970,"IDEALPRO","USD.CNH",0,6.68866,6.68921,0
2022-07-11,80825636,"IDEALPRO","USD.CNH",0,6.68866,6.68914,0
2022-07-11,80826746,"IDEALPRO","USD.CNH",0,6.68836,6.68897,0
2022-07-11,80827856,"IDEALPRO","USD.CNH",0,6.68834,6.68892,0
2022-07-11,80831906,"IDEALPRO","USD.CNH",0,6.68835,6.68892,0
2022-07-11,80837969,"IDEALPRO","USD.CNH",0,6.6884,6.68892,0
2022-07-11,80838855,"IDEALPRO","USD.CNH",0,6.68864,6.689,0
2022-07-11,80840906,"IDEALPRO","USD.CNH",0,6.68767,6.68809,0
2022-07-11,80841794,"IDEALPRO","USD.CNH",0,6.68745,6.68809,0
2022-07-11,80842239,"IDEALPRO","USD.CNH",0,6.68729,6.68802,0
2022-07-11,80844901,"IDEALPRO","USD.CNH",0,6.68721,6.68776,0
2022-07-11,80845345,"IDEALPRO","USD.CNH",0,6.68772,6.68848,0
2022-07-11,80848396,"IDEALPRO","USD.CNH",0,6.68772,6.68821,0
2022-07-11,80849989,"IDEALPRO","USD.CNH",0,6.68782,6.68838,0
2022-07-11,80850654,"IDEALPRO","USD.CNH",0,6.68827,6.68882,0
2022-07-11,80854871,"IDEALPRO","USD.CNH",0,6.68829,6.68877,0
2022-07-11,80857978,"IDEALPRO","USD.CNH",0,6.68826,6.68877,0
2022-07-11,80902903,"IDEALPRO","USD.CNH",0,6.68795,6.68858,0
2022-07-11,80903791,"IDEALPRO","USD.CNH",0,6.68795,6.68843,0
2022-07-11,80906897,"IDEALPRO","USD.CNH",0,6.68787,6.68825,0
2022-07-11,80907341,"IDEALPRO","USD.CNH",0,6.68787,6.68815,0
2022-07-11,80908230,"IDEALPRO","USD.CNH",0,6.68784,6.68807,0
2022-07-11,80910010,"IDEALPRO","USD.CNH",0,6.6878,6.68807,0
2022-07-11,80912747,"IDEALPRO","USD.CNH",0,6.6878,6.68813,0
2022-07-11,80918588,"IDEALPRO","USD.CNH",0,6.68778,6.68813,0
2022-07-11,80921821,"IDEALPRO","USD.CNH",0,6.6879,6.68829,0
2022-07-11,80922488,"IDEALPRO","USD.CNH",0,6.68802,6.68861,0
2022-07-11,80924485,"IDEALPRO","USD.CNH",0,6.68798,6.68861,0
2022-07-11,80933162,"IDEALPRO","USD.CNH",0,6.68804,6.68865,0
2022-07-11,80935159,"IDEALPRO","USD.CNH",0,6.68802,6.68865,0
2022-07-11,80936047,"IDEALPRO","USD.CNH",0,6.68804,6.68865,0
2022-07-11,80940969,"IDEALPRO","USD.CNH",0,6.68802,6.68865,0
2022-07-11,80941413,"IDEALPRO","USD.CNH",0,6.68789,6.6885,0
2022-07-11,80942079,"IDEALPRO","USD.CNH",0,6.68791,6.6885,0
2022-07-11,80944521,"IDEALPRO","USD.CNH",0,6.68779,6.68825,0
2022-07-11,80945408,"IDEALPRO","USD.CNH",0,6.68779,6.68817,0
2022-07-11,80947850,"IDEALPRO","USD.CNH",0,6.6879,6.6882,0
2022-07-11,80949665,"IDEALPRO","USD.CNH",0,6.68786,6.6882,0
2022-07-11,80950999,"IDEALPRO","USD.CNH",0,6.68823,6.68861,0
2022-07-11,80951443,"IDEALPRO","USD.CNH",0,6.68838,6.68881,0
2022-07-11,80952775,"IDEALPRO","USD.CNH",0,6.68845,6.6888,0
2022-07-11,80953885,"IDEALPRO","USD.CNH",0,6.68845,6.68882,0
2022-07-11,80956771,"IDEALPRO","USD.CNH",0,6.68872,6.68914,0
2022-07-11,80957882,"IDEALPRO","USD.CNH",0,6.68871,6.68914,0
2022-07-11,80958103,"IDEALPRO","USD.CNH",0,6.68871,6.68911,0
2022-07-11,81000807,"IDEALPRO","USD.CNH",0,6.68848,6.68899,0
2022-07-11,81003692,"IDEALPRO","USD.CNH",0,6.68854,6.68903,0
2022-07-11,81004136,"IDEALPRO","USD.CNH",0,6.68854,6.68899,0
2022-07-11,81005468,"IDEALPRO","USD.CNH",0,6.68854,6.68902,0
2022-07-11,81008589,"IDEALPRO","USD.CNH",0,6.68854,6.68897,0
2022-07-11,81010865,"IDEALPRO","USD.CNH",0,6.68882,6.68909,0
2022-07-11,81011975,"IDEALPRO","USD.CNH",0,6.68882,6.6891,0
2022-07-11,81012641,"IDEALPRO","USD.CNH",0,6.6889,6.6892,0
2022-07-11,81014638,"IDEALPRO","USD.CNH",0,6.68899,6.68926,0
2022-07-11,81018637,"IDEALPRO","USD.CNH",0,6.68899,6.68931,0
2022-07-11,81027479,"IDEALPRO","USD.CNH",0,6.68899,6.68926,0
2022-07-11,81028589,"IDEALPRO","USD.CNH",0,6.68908,6.68935,0
2022-07-11,81031973,"IDEALPRO","USD.CNH",0,6.68911,6.68929,0
2022-07-11,81033972,"IDEALPRO","USD.CNH",0,6.68917,6.68941,0
2022-07-11,81034415,"IDEALPRO","USD.CNH",0,6.68881,6.68909,0
2022-07-11,81035747,"IDEALPRO","USD.CNH",0,6.68891,6.68909,0
2022-07-11,81038990,"IDEALPRO","USD.CNH",0,6.68912,6.68958,0
2022-07-11,81039434,"IDEALPRO","USD.CNH",0,6.68912,6.68968,0
2022-07-11,81040544,"IDEALPRO","USD.CNH",0,6.68912,6.68968,0
2022-07-11,81042541,"IDEALPRO","USD.CNH",0,6.68915,6.68963,0
2022-07-11,81043651,"IDEALPRO","USD.CNH",0,6.68911,6.68963,0
2022-07-11,81044983,"IDEALPRO","USD.CNH",0,6.68914,6.68968,0
2022-07-11,81046315,"IDEALPRO","USD.CNH",0,6.68908,6.68962,0
2022-07-11,81047647,"IDEALPRO","USD.CNH",0,6.68908,6.68961,0
2022-07-11,81048536,"IDEALPRO","USD.CNH",0,6.68908,6.68957,0
2022-07-11,81051961,"IDEALPRO","USD.CNH",0,6.68909,6.68957,0
2022-07-11,81052627,"IDEALPRO","USD.CNH",0,6.68909,6.68954,0
2022-07-11,81056921,"IDEALPRO","USD.CNH",0,6.68909,6.68956,0
2022-07-11,81058031,"IDEALPRO","USD.CNH",0,6.68909,6.68944,0
2022-07-11,81100949,"IDEALPRO","USD.CNH",0,6.68912,6.68943,0
2022-07-11,81104791,"IDEALPRO","USD.CNH",0,6.68917,6.68943,0
2022-07-11,81109741,"IDEALPRO","USD.CNH",0,6.68918,6.68943,0
2022-07-11,81110628,"IDEALPRO","USD.CNH",0,6.68925,6.68964,0
2022-07-11,81113294,"IDEALPRO","USD.CNH",0,6.68915,6.6896,0
2022-07-11,81114848,"IDEALPRO","USD.CNH",0,6.68925,6.68988,0
2022-07-11,81115959,"IDEALPRO","USD.CNH",0,6.68934,6.68979,0
2022-07-11,81116180,"IDEALPRO","USD.CNH",0,6.68934,6.68978,0
2022-07-11,81117289,"IDEALPRO","USD.CNH",0,6.68934,6.68975,0
2022-07-11,81118621,"IDEALPRO","USD.CNH",0,6.6894,6.68979,0
2022-07-11,81122508,"IDEALPRO","USD.CNH",0,6.68946,6.69001,0
2022-07-11,81123618,"IDEALPRO","USD.CNH",0,6.68946,6.69004,0
2022-07-11,81124949,"IDEALPRO","USD.CNH",0,6.68963,6.69026,0
2022-07-11,81125393,"IDEALPRO","USD.CNH",0,6.68976,6.69027,0
2022-07-11,81126504,"IDEALPRO","USD.CNH",0,6.6895,6.69011,0
2022-07-11,81127834,"IDEALPRO","USD.CNH",0,6.68946,6.69005,0
2022-07-11,81128963,"IDEALPRO","USD.CNH",0,6.68935,6.6898,0
2022-07-11,81130555,"IDEALPRO","USD.CNH",0,6.68935,6.68977,0
2022-07-11,81131886,"IDEALPRO","USD.CNH",0,6.68935,6.6898,0
2022-07-11,81132108,"IDEALPRO","USD.CNH",0,6.68939,6.6898,0
2022-07-11,81133884,"IDEALPRO","USD.CNH",0,6.68939,6.68984,0
2022-07-11,81137880,"IDEALPRO","USD.CNH",0,6.68939,6.68981,0
2022-07-11,81138324,"IDEALPRO","USD.CNH",0,6.6896,6.69021,0
2022-07-11,81142964,"IDEALPRO","USD.CNH",0,6.68965,6.69024,0
2022-07-11,81143853,"IDEALPRO","USD.CNH",0,6.68964,6.69022,0
2022-07-11,81148402,"IDEALPRO","USD.CNH",0,6.68964,6.69022,0
2022-07-11,81151470,"IDEALPRO","USD.CNH",0,6.68964,6.69022,0
2022-07-11,81153468,"IDEALPRO","USD.CNH",0,6.68934,6.68992,0
2022-07-11,81157982,"IDEALPRO","USD.CNH",0,6.68897,6.68953,0
2022-07-11,81159796,"IDEALPRO","USD.CNH",0,6.68933,6.68986,0
2022-07-11,81200240,"IDEALPRO","USD.CNH",0,6.68937,6.68993,0
2022-07-11,81201350,"IDEALPRO","USD.CNH",0,6.68936,6.68993,0
2022-07-11,81203792,"IDEALPRO","USD.CNH",0,6.68937,6.68997,0
2022-07-11,81204903,"IDEALPRO","USD.CNH",0,6.68936,6.68979,0
2022-07-11,81205124,"IDEALPRO","USD.CNH",0,6.68937,6.68978,0
2022-07-11,81206234,"IDEALPRO","USD.CNH",0,6.68929,6.68978,0
2022-07-11,81208897,"IDEALPRO","USD.CNH",0,6.68946,6.6901,0
2022-07-11,81209825,"IDEALPRO","USD.CNH",0,6.68955,6.69017,0
2022-07-11,81212933,"IDEALPRO","USD.CNH",0,6.68958,6.69021,0
2022-07-11,81214709,"IDEALPRO","USD.CNH",0,6.68958,6.69014,0
2022-07-11,81215153,"IDEALPRO","USD.CNH",0,6.68958,6.69016,0
2022-07-11,81216486,"IDEALPRO","USD.CNH",0,6.68958,6.69014,0
2022-07-11,81225517,"IDEALPRO","USD.CNH",0,6.68963,6.69018,0
2022-07-11,81229788,"IDEALPRO","USD.CNH",0,6.6896,6.69016,0
2022-07-11,81230900,"IDEALPRO","USD.CNH",0,6.68962,6.69019,0
2022-07-11,81231788,"IDEALPRO","USD.CNH",0,6.68988,6.6905,0
2022-07-11,81232010,"IDEALPRO","USD.CNH",0,6.68988,6.69051,0
2022-07-11,81234894,"IDEALPRO","USD.CNH",0,6.69004,6.69052,0
2022-07-11,81235782,"IDEALPRO","USD.CNH",0,6.69004,6.69055,0
2022-07-11,81236892,"IDEALPRO","USD.CNH",0,6.68997,6.69049,0
2022-07-11,81238224,"IDEALPRO","USD.CNH",0,6.68997,6.69049,0
2022-07-11,81239595,"IDEALPRO","USD.CNH",0,6.69014,6.69076,0
2022-07-11,81240705,"IDEALPRO","USD.CNH",0,6.69014,6.69073,0
2022-07-11,81245810,"IDEALPRO","USD.CNH",0,6.69012,6.69073,0
2022-07-11,81248915,"IDEALPRO","USD.CNH",0,6.69012,6.69068,0
2022-07-11,81249844,"IDEALPRO","USD.CNH",0,6.69012,6.69071,0
2022-07-11,81251174,"IDEALPRO","USD.CNH",0,6.69013,6.69071,0
2022-07-11,81252505,"IDEALPRO","USD.CNH",0,6.69013,6.69071,0
2022-07-11,81253614,"IDEALPRO","USD.CNH",0,6.69031,6.69075,0
2022-07-11,81256722,"IDEALPRO","USD.CNH",0,6.69031,6.69077,0
2022-07-11,81257166,"IDEALPRO","USD.CNH",0,6.69024,6.69077,0
2022-07-11,81258943,"IDEALPRO","USD.CNH",0,6.69029,6.69078,0
2022-07-11,81302757,"IDEALPRO","USD.CNH",0,6.69016,6.69071,0
2022-07-11,81303645,"IDEALPRO","USD.CNH",0,6.69024,6.69069,0
2022-07-11,81304532,"IDEALPRO","USD.CNH",0,6.6902,6.69067,0
2022-07-11,81305421,"IDEALPRO","USD.CNH",0,6.69022,6.69073,0
2022-07-11,81307641,"IDEALPRO","USD.CNH",0,6.6903,6.69085,0
2022-07-11,81312788,"IDEALPRO","USD.CNH",0,6.69026,6.69082,0
2022-07-11,81313231,"IDEALPRO","USD.CNH",0,6.69028,6.69082,0
2022-07-11,81316117,"IDEALPRO","USD.CNH",0,6.69037,6.69082,0
2022-07-11,81318780,"IDEALPRO","USD.CNH",0,6.69094,6.69137,0
2022-07-11,81319707,"IDEALPRO","USD.CNH",0,6.69078,6.6916,0
2022-07-11,81320817,"IDEALPRO","USD.CNH",0,6.69045,6.69121,0
2022-07-11,81321927,"IDEALPRO","USD.CNH",0,6.69045,6.69115,0
2022-07-11,81322814,"IDEALPRO","USD.CNH",0,6.6905,6.69115,0
2022-07-11,81323036,"IDEALPRO","USD.CNH",0,6.6905,6.69118,0
2022-07-11,81324589,"IDEALPRO","USD.CNH",0,6.6905,6.69119,0
2022-07-11,81325700,"IDEALPRO","USD.CNH",0,6.69055,6.69125,0
2022-07-11,81326588,"IDEALPRO","USD.CNH",0,6.69055,6.69127,0
2022-07-11,81327476,"IDEALPRO","USD.CNH",0,6.69054,6.69127,0
2022-07-11,81328586,"IDEALPRO","USD.CNH",0,6.6906,6.69127,0
2022-07-11,81329529,"IDEALPRO","USD.CNH",0,6.6906,6.69125,0
2022-07-11,81330640,"IDEALPRO","USD.CNH",0,6.6906,6.6912,0
2022-07-11,81331972,"IDEALPRO","USD.CNH",0,6.6906,6.6912,0
2022-07-11,81333823,"IDEALPRO","USD.CNH",0,6.6906,6.69119,0
2022-07-11,81336792,"IDEALPRO","USD.CNH",0,6.69046,6.69108,0
2022-07-11,81337901,"IDEALPRO","USD.CNH",0,6.6902,6.69091,0
2022-07-11,81338610,"IDEALPRO","USD.CNH",0,6.69021,6.69092,0
2022-07-11,81339759,"IDEALPRO","USD.CNH",0,6.69021,6.6908,0
2022-07-11,81340202,"IDEALPRO","USD.CNH",0,6.69021,6.69081,0
2022-07-11,81341312,"IDEALPRO","USD.CNH",0,6.69021,6.6908,0
2022-07-11,81342422,"IDEALPRO","USD.CNH",0,6.69022,6.6908,0
2022-07-11,81343974,"IDEALPRO","USD.CNH",0,6.69019,6.69079,0
2022-07-11,81344862,"IDEALPRO","USD.CNH",0,6.69019,6.69081,0
2022-07-11,81345306,"IDEALPRO","USD.CNH",0,6.69019,6.69079,0
2022-07-11,81346625,"IDEALPRO","USD.CNH",0,6.69019,6.6908,0
2022-07-11,81347670,"IDEALPRO","USD.CNH",0,6.69019,6.69079,0
2022-07-11,81348557,"IDEALPRO","USD.CNH",0,6.69019,6.6908,0
2022-07-11,81350814,"IDEALPRO","USD.CNH",0,6.69148,6.69214,0
2022-07-11,81351480,"IDEALPRO","USD.CNH",0,6.69156,6.69235,0
2022-07-11,81352589,"IDEALPRO","USD.CNH",0,6.69156,6.69227,0
2022-07-11,81353923,"IDEALPRO","USD.CNH",0,6.69364,6.69437,0
2022-07-11,81354810,"IDEALPRO","USD.CNH",0,6.69076,6.69158,0
2022-07-11,81355920,"IDEALPRO","USD.CNH",0,6.69079,6.69161,0
2022-07-11,81359288,"IDEALPRO","USD.CNH",0,6.69092,6.69175,0
2022-07-11,81401375,"IDEALPRO","USD.CNH",0,6.6909,6.69173,0
2022-07-11,81406036,"IDEALPRO","USD.CNH",0,6.69095,6.69179,0
2022-07-11,81410737,"IDEALPRO","USD.CNH",0,6.69108,6.6919,0
2022-07-11,81411847,"IDEALPRO","USD.CNH",0,6.69108,6.69187,0
2022-07-11,81412958,"IDEALPRO","USD.CNH",0,6.69105,6.69187,0
2022-07-11,81413623,"IDEALPRO","USD.CNH",0,6.69105,6.69188,0
2022-07-11,81414067,"IDEALPRO","USD.CNH",0,6.69105,6.69182,0
2022-07-11,81422491,"IDEALPRO","USD.CNH",0,6.69105,6.69175,0
2022-07-11,81424259,"IDEALPRO","USD.CNH",0,6.6911,6.6918,0
2022-07-11,81427421,"IDEALPRO","USD.CNH",0,6.6911,6.69179,0
2022-07-11,81428086,"IDEALPRO","USD.CNH",0,6.6911,6.6918,0
2022-07-11,81430713,"IDEALPRO","USD.CNH",0,6.6911,6.69168,0
2022-07-11,81433982,"IDEALPRO","USD.CNH",0,6.69259,6.69344,0
2022-07-11,81434203,"IDEALPRO","USD.CNH",0,6.6929,6.69377,0
2022-07-11,81435313,"IDEALPRO","USD.CNH",0,6.69292,6.69381,0
2022-07-11,81443785,"IDEALPRO","USD.CNH",0,6.69284,6.69376,0
2022-07-11,81444673,"IDEALPRO","USD.CNH",0,6.69284,6.69375,0
2022-07-11,81447639,"IDEALPRO","USD.CNH",0,6.69263,6.69358,0
2022-07-11,81455511,"IDEALPRO","USD.CNH",0,6.69266,6.69364,0
2022-07-11,81456622,"IDEALPRO","USD.CNH",0,6.6927,6.69367,0
2022-07-11,81502929,"IDEALPRO","USD.CNH",0,6.6931,6.69391,0
2022-07-11,81503152,"IDEALPRO","USD.CNH",0,6.693,6.69391,0
2022-07-11,81504706,"IDEALPRO","USD.CNH",0,6.69295,6.69391,0
2022-07-11,81506925,"IDEALPRO","USD.CNH",0,6.69262,6.69357,0
2022-07-11,81508481,"IDEALPRO","USD.CNH",0,6.69226,6.69328,0
2022-07-11,81512736,"IDEALPRO","USD.CNH",0,6.69188,6.69278,0
2022-07-11,81513845,"IDEALPRO","USD.CNH",0,6.69186,6.69278,0
2022-07-11,81515622,"IDEALPRO","USD.CNH",0,6.69181,6.69278,0
2022-07-11,81518805,"IDEALPRO","USD.CNH",0,6.69185,6.69278,0
2022-07-11,81523994,"IDEALPRO","USD.CNH",0,6.69206,6.69303,0
2022-07-11,81530781,"IDEALPRO","USD.CNH",0,6.69216,6.69313,0
2022-07-11,81533667,"IDEALPRO","USD.CNH",0,6.69216,6.69315,0
2022-07-11,81539033,"IDEALPRO","USD.CNH",0,6.6922,6.69315,0
2022-07-11,81541697,"IDEALPRO","USD.CNH",0,6.69229,6.69324,0
2022-07-11,81542586,"IDEALPRO","USD.CNH",0,6.69224,6.69317,0
2022-07-11,81543918,"IDEALPRO","USD.CNH",0,6.69265,6.69352,0
2022-07-11,81544584,"IDEALPRO","USD.CNH",0,6.69266,6.69363,0
2022-07-11,81545916,"IDEALPRO","USD.CNH",0,6.69264,6.69363,0
2022-07-11,81546360,"IDEALPRO","USD.CNH",0,6.69264,6.69362,0
2022-07-11,81547943,"IDEALPRO","USD.CNH",0,6.69265,6.69359,0
2022-07-11,81550885,"IDEALPRO","USD.CNH",0,6.69287,6.69387,0
2022-07-11,81551772,"IDEALPRO","USD.CNH",0,6.69279,6.69387,0
2022-07-11,81552661,"IDEALPRO","USD.CNH",0,6.69279,6.69379,0
2022-07-11,81553549,"IDEALPRO","USD.CNH",0,6.69286,6.69385,0
2022-07-11,81554881,"IDEALPRO","USD.CNH",0,6.69312,6.69411,0
2022-07-11,81555769,"IDEALPRO","USD.CNH",0,6.69299,6.69399,0
2022-07-11,81556657,"IDEALPRO","USD.CNH",0,6.6929,6.69381,0
2022-07-11,81559897,"IDEALPRO","USD.CNH",0,6.69314,6.69402,0
2022-07-11,81600563,"IDEALPRO","USD.CNH",0,6.69323,6.69417,0
2022-07-11,81601895,"IDEALPRO","USD.CNH",0,6.69402,6.69478,0
2022-07-11,81602784,"IDEALPRO","USD.CNH",0,6.69348,6.69458,0
2022-07-11,81603894,"IDEALPRO","USD.CNH",0,6.69351,6.69461,0
2022-07-11,81605891,"IDEALPRO","USD.CNH",0,6.69335,6.69436,0
2022-07-11,81606113,"IDEALPRO","USD.CNH",0,6.69353,6.69463,0
2022-07-11,81608110,"IDEALPRO","USD.CNH",0,6.69352,6.69463,0
2022-07-11,81614810,"IDEALPRO","USD.CNH",0,6.69408,6.69511,0
2022-07-11,81615919,"IDEALPRO","USD.CNH",0,6.69408,6.69511,0
2022-07-11,81617472,"IDEALPRO","USD.CNH",0,6.69408,6.69505,0
2022-07-11,81618803,"IDEALPRO","USD.CNH",0,6.69358,6.69473,0
2022-07-11,81619953,"IDEALPRO","USD.CNH",0,6.69377,6.69494,0
2022-07-11,81624786,"IDEALPRO","USD.CNH",0,6.69364,6.6948,0
2022-07-11,81626339,"IDEALPRO","USD.CNH",0,6.6936,6.69475,0
2022-07-11,81627893,"IDEALPRO","USD.CNH",0,6.69366,6.69481,0
2022-07-11,81631719,"IDEALPRO","USD.CNH",0,6.69366,6.69482,0
2022-07-11,81633273,"IDEALPRO","USD.CNH",0,6.69361,6.69476,0
2022-07-11,81634383,"IDEALPRO","USD.CNH",0,6.69365,6.69481,0
2022-07-11,81635049,"IDEALPRO","USD.CNH",0,6.69365,6.69479,0
2022-07-11,81638823,"IDEALPRO","USD.CNH",0,6.69365,6.69461,0
2022-07-11,81639848,"IDEALPRO","USD.CNH",0,6.69362,6.69477,0
2022-07-11,81644478,"IDEALPRO","USD.CNH",0,6.69362,6.69461,0
2022-07-11,81646904,"IDEALPRO","USD.CNH",0,6.69362,6.69467,0
2022-07-11,81647791,"IDEALPRO","USD.CNH",0,6.69366,6.6948,0
2022-07-11,81648457,"IDEALPRO","USD.CNH",0,6.69372,6.69488,0
2022-07-11,81650981,"IDEALPRO","USD.CNH",0,6.69372,6.69478,0
2022-07-11,81651869,"IDEALPRO","USD.CNH",0,6.69376,6.69489,0
2022-07-11,81652978,"IDEALPRO","USD.CNH",0,6.69389,6.69504,0
2022-07-11,81656895,"IDEALPRO","USD.CNH",0,6.69387,6.69502,0
2022-07-11,81657783,"IDEALPRO","USD.CNH",0,6.69396,6.69501,0
2022-07-11,81658893,"IDEALPRO","USD.CNH",0,6.69396,6.69505,0
2022-07-11,81659376,"IDEALPRO","USD.CNH",0,6.69398,6.69509,0
2022-07-11,81700930,"IDEALPRO","USD.CNH",0,6.69396,6.6951,0
2022-07-11,81701153,"IDEALPRO","USD.CNH",0,6.69396,6.69504,0
2022-07-11,81702979,"IDEALPRO","USD.CNH",0,6.69399,6.695,0
2022-07-11,81705642,"IDEALPRO","USD.CNH",0,6.694,6.69502,0
2022-07-11,81714815,"IDEALPRO","USD.CNH",0,6.69395,6.69496,0
2022-07-11,81715260,"IDEALPRO","USD.CNH",0,6.69381,6.6948,0
2022-07-11,81719294,"IDEALPRO","USD.CNH",0,6.69382,6.69482,0
2022-07-11,81720625,"IDEALPRO","USD.CNH",0,6.69387,6.69478,0
2022-07-11,81726839,"IDEALPRO","USD.CNH",0,6.69386,6.69477,0
2022-07-11,81727949,"IDEALPRO","USD.CNH",0,6.69396,6.69485,0
2022-07-11,81728393,"IDEALPRO","USD.CNH",0,6.69418,6.69509,0
2022-07-11,81730453,"IDEALPRO","USD.CNH",0,6.69419,6.69509,0
2022-07-11,81731340,"IDEALPRO","USD.CNH",0,6.69418,6.69509,0
2022-07-11,81732893,"IDEALPRO","USD.CNH",0,6.69403,6.69495,0
2022-07-11,81733782,"IDEALPRO","USD.CNH",0,6.69415,6.69501,0
2022-07-11,81734004,"IDEALPRO","USD.CNH",0,6.69414,6.69505,0
2022-07-11,81735114,"IDEALPRO","USD.CNH",0,6.69415,6.69506,0
2022-07-11,81736446,"IDEALPRO","USD.CNH",0,6.69425,6.69504,0
2022-07-11,81740480,"IDEALPRO","USD.CNH",0,6.69431,6.69504,0
2022-07-11,81742922,"IDEALPRO","USD.CNH",0,6.6945,6.69523,0
2022-07-11,81743144,"IDEALPRO","USD.CNH",0,6.6945,6.69522,0
2022-07-11,81744475,"IDEALPRO","USD.CNH",0,6.69456,6.6952,0
2022-07-11,81747841,"IDEALPRO","USD.CNH",0,6.69477,6.69556,0
2022-07-11,81748965,"IDEALPRO","USD.CNH",0,6.69488,6.69576,0
2022-07-11,81749449,"IDEALPRO","USD.CNH",0,6.69493,6.69576,0
2022-07-11,81750782,"IDEALPRO","USD.CNH",0,6.69493,6.69582,0
2022-07-11,81751892,"IDEALPRO","USD.CNH",0,6.69502,6.69593,0
2022-07-11,81752557,"IDEALPRO","USD.CNH",0,6.69506,6.69587,0
2022-07-11,81754556,"IDEALPRO","USD.CNH",0,6.69512,6.69584,0
2022-07-11,81758329,"IDEALPRO","USD.CNH",0,6.69519,6.69584,0
2022-07-11,81759255,"IDEALPRO","USD.CNH",0,6.69515,6.69584,0
2022-07-11,81803918,"IDEALPRO","USD.CNH",0,6.69542,6.69626,0
2022-07-11,81804807,"IDEALPRO","USD.CNH",0,6.69548,6.69625,0
2022-07-11,81805974,"IDEALPRO","USD.CNH",0,6.69548,6.6961,0
2022-07-11,81806863,"IDEALPRO","USD.CNH",0,6.69552,6.69614,0
2022-07-11,81807751,"IDEALPRO","USD.CNH",0,6.69556,6.69615,0
2022-07-11,81812902,"IDEALPRO","USD.CNH",0,6.69547,6.69624,0
2022-07-11,81813567,"IDEALPRO","USD.CNH",0,6.69547,6.69622,0
2022-07-11,81821821,"IDEALPRO","USD.CNH",0,6.69545,6.69622,0
2022-07-11,81822709,"IDEALPRO","USD.CNH",0,6.69547,6.69619,0
2022-07-11,81830911,"IDEALPRO","USD.CNH",0,6.69467,6.69534,0
2022-07-11,81833915,"IDEALPRO","USD.CNH",0,6.69496,6.69552,0
2022-07-11,81834136,"IDEALPRO","USD.CNH",0,6.69496,6.69563,0
2022-07-11,81835024,"IDEALPRO","USD.CNH",0,6.69489,6.69555,0
2022-07-11,81840832,"IDEALPRO","USD.CNH",0,6.69494,6.69561,0
2022-07-11,81842965,"IDEALPRO","USD.CNH",0,6.6953,6.69596,0
2022-07-11,81844076,"IDEALPRO","USD.CNH",0,6.69535,6.69602,0
2022-07-11,81848692,"IDEALPRO","USD.CNH",0,6.69539,6.69605,0
2022-07-11,81849841,"IDEALPRO","USD.CNH",0,6.6954,6.69605,0
2022-07-11,81850285,"IDEALPRO","USD.CNH",0,6.69543,6.69605,0
2022-07-11,81851172,"IDEALPRO","USD.CNH",0,6.69543,6.6961,0
2022-07-11,81852060,"IDEALPRO","USD.CNH",0,6.69543,6.6961,0
2022-07-11,81855868,"IDEALPRO","USD.CNH",0,6.69541,6.69607,0
2022-07-11,81858859,"IDEALPRO","USD.CNH",0,6.69544,6.69609,0
2022-07-11,81900231,"IDEALPRO","USD.CNH",0,6.69544,6.69609,0
2022-07-11,81901119,"IDEALPRO","USD.CNH",0,6.69544,6.69609,0
2022-07-11,81905113,"IDEALPRO","USD.CNH",0,6.69544,6.69608,0
2022-07-11,81909595,"IDEALPRO","USD.CNH",0,6.69545,6.69607,0
2022-07-11,81913811,"IDEALPRO","USD.CNH",0,6.69545,6.69607,0
2022-07-11,81914921,"IDEALPRO","USD.CNH",0,6.6952,6.69579,0
2022-07-11,81915365,"IDEALPRO","USD.CNH",0,6.69464,6.69524,0
2022-07-11,81916032,"IDEALPRO","USD.CNH",0,6.69486,6.69547,0
2022-07-11,81917585,"IDEALPRO","USD.CNH",0,6.69485,6.69546,0
2022-07-11,81921890,"IDEALPRO","USD.CNH",0,6.6952,6.69582,0
2022-07-11,81924554,"IDEALPRO","USD.CNH",0,6.69523,6.69585,0
2022-07-11,81926551,"IDEALPRO","USD.CNH",0,6.69528,6.6959,0
2022-07-11,81930878,"IDEALPRO","USD.CNH",0,6.69443,6.69508,0
2022-07-11,81932654,"IDEALPRO","USD.CNH",0,6.69441,6.69507,0
2022-07-11,81933764,"IDEALPRO","USD.CNH",0,6.69443,6.69509,0
2022-07-11,81935762,"IDEALPRO","USD.CNH",0,6.69439,6.69505,0
2022-07-11,81938492,"IDEALPRO","USD.CNH",0,6.69456,6.69523,0
2022-07-11,81941194,"IDEALPRO","USD.CNH",0,6.69458,6.69525,0
2022-07-11,81942971,"IDEALPRO","USD.CNH",0,6.69496,6.69565,0
2022-07-11,81950113,"IDEALPRO","USD.CNH",0,6.69492,6.6956,0
2022-07-11,82018766,"IDEALPRO","USD.CNH",0,6.69492,6.69563,0
2022-07-11,82019249,"IDEALPRO","USD.CNH",0,6.69512,6.69584,0
2022-07-11,82022801,"IDEALPRO","USD.CNH",0,6.69494,6.69565,0
2022-07-11,82023245,"IDEALPRO","USD.CNH",0,6.69479,6.6955,0
2022-07-11,82024799,"IDEALPRO","USD.CNH",0,6.695,6.69571,0
2022-07-11,82033955,"IDEALPRO","USD.CNH",0,6.69496,6.69567,0
2022-07-11,82037765,"IDEALPRO","USD.CNH",0,6.69492,6.69563,0
2022-07-11,82038431,"IDEALPRO","USD.CNH",0,6.69482,6.69552,0
2022-07-11,82040025,"IDEALPRO","USD.CNH",0,6.69482,6.69553,0
2022-07-11,82042466,"IDEALPRO","USD.CNH",0,6.69484,6.69553,0
2022-07-11,82045575,"IDEALPRO","USD.CNH",0,6.69502,6.69573,0
2022-07-11,82046684,"IDEALPRO","USD.CNH",0,6.69503,6.69574,0
2022-07-11,82048905,"IDEALPRO","USD.CNH",0,6.69497,6.69567,0
2022-07-11,82052721,"IDEALPRO","USD.CNH",0,6.69481,6.69552,0
2022-07-11,82056715,"IDEALPRO","USD.CNH",0,6.69462,6.69532,0
2022-07-11,82101489,"IDEALPRO","USD.CNH",0,6.69454,6.69524,0
2022-07-11,82105707,"IDEALPRO","USD.CNH",0,6.69456,6.69525,0
2022-07-11,82109964,"IDEALPRO","USD.CNH",0,6.69455,6.69524,0
2022-07-11,82113882,"IDEALPRO","USD.CNH",0,6.6949,6.69561,0
2022-07-11,82114104,"IDEALPRO","USD.CNH",0,6.69501,6.69572,0
2022-07-11,82116991,"IDEALPRO","USD.CNH",0,6.69506,6.69577,0
2022-07-11,82117656,"IDEALPRO","USD.CNH",0,6.69506,6.69577,0
2022-07-11,82118100,"IDEALPRO","USD.CNH",0,6.69504,6.69576,0
2022-07-11,82120360,"IDEALPRO","USD.CNH",0,6.69506,6.69577,0
2022-07-11,82125946,"IDEALPRO","USD.CNH",0,6.6953,6.696,0
2022-07-11,82126834,"IDEALPRO","USD.CNH",0,6.69531,6.69599,0
2022-07-11,82127499,"IDEALPRO","USD.CNH",0,6.69531,6.69599,0
2022-07-11,82129328,"IDEALPRO","USD.CNH",0,6.69535,6.69598,0
2022-07-11,82133779,"IDEALPRO","USD.CNH",0,6.69532,6.69593,0
2022-07-11,82134667,"IDEALPRO","USD.CNH",0,6.69539,6.69593,0
2022-07-11,82135777,"IDEALPRO","USD.CNH",0,6.6954,6.69588,0
2022-07-11,82136886,"IDEALPRO","USD.CNH",0,6.69539,6.69587,0
2022-07-11,82137998,"IDEALPRO","USD.CNH",0,6.69575,6.69639,0
2022-07-11,82138885,"IDEALPRO","USD.CNH",0,6.69642,6.69706,0
2022-07-11,82139812,"IDEALPRO","USD.CNH",0,6.69482,6.69543,0
2022-07-11,82140920,"IDEALPRO","USD.CNH",0,6.69428,6.69494,0
2022-07-11,82142030,"IDEALPRO","USD.CNH",0,6.69424,6.6949,0
2022-07-11,82143140,"IDEALPRO","USD.CNH",0,6.69421,6.69487,0
2022-07-11,82144557,"IDEALPRO","USD.CNH",0,6.69434,6.69503,0
2022-07-11,82146110,"IDEALPRO","USD.CNH",0,6.69429,6.69498,0
2022-07-11,82148996,"IDEALPRO","USD.CNH",0,6.69419,6.69488,0
2022-07-11,82151491,"IDEALPRO","USD.CNH",0,6.69419,6.69489,0
2022-07-11,82152824,"IDEALPRO","USD.CNH",0,6.69423,6.69495,0
2022-07-11,82153711,"IDEALPRO","USD.CNH",0,6.69433,6.69504,0
2022-07-11,82154377,"IDEALPRO","USD.CNH",0,6.69429,6.69502,0
2022-07-11,82155487,"IDEALPRO","USD.CNH",0,6.69427,6.695,0
2022-07-11,82156819,"IDEALPRO","USD.CNH",0,6.69423,6.69496,0
2022-07-11,82158816,"IDEALPRO","USD.CNH",0,6.69371,6.69446,0
2022-07-11,82159966,"IDEALPRO","USD.CNH",0,6.69377,6.69451,0
2022-07-11,82202407,"IDEALPRO","USD.CNH",0,6.69385,6.6946,0
2022-07-11,82208733,"IDEALPRO","USD.CNH",0,6.69386,6.6946,0
2022-07-11,82209660,"IDEALPRO","USD.CNH",0,6.69411,6.69485,0
2022-07-11,82210547,"IDEALPRO","USD.CNH",0,6.6942,6.69494,0
2022-07-11,82214099,"IDEALPRO","USD.CNH",0,6.69434,6.69506,0
2022-07-11,82216317,"IDEALPRO","USD.CNH",0,6.69433,6.69506,0
2022-07-11,82220301,"IDEALPRO","USD.CNH",0,6.6943,6.69505,0
2022-07-11,82222878,"IDEALPRO","USD.CNH",0,6.69457,6.69535,0
2022-07-11,82223545,"IDEALPRO","USD.CNH",0,6.69458,6.69537,0
2022-07-11,82224655,"IDEALPRO","USD.CNH",0,6.69462,6.69537,0
2022-07-11,82225542,"IDEALPRO","USD.CNH",0,6.69462,6.69537,0
2022-07-11,82227762,"IDEALPRO","USD.CNH",0,6.69464,6.69537,0
2022-07-11,82229097,"IDEALPRO","USD.CNH",0,6.69462,6.69537,0
2022-07-11,82230691,"IDEALPRO","USD.CNH",0,6.69462,6.69538,0
2022-07-11,82231801,"IDEALPRO","USD.CNH",0,6.69431,6.69511,0
2022-07-11,82234908,"IDEALPRO","USD.CNH",0,6.69428,6.69508,0
2022-07-11,82235796,"IDEALPRO","USD.CNH",0,6.69356,6.69435,0
2022-07-11,82236905,"IDEALPRO","USD.CNH",0,6.69346,6.69427,0
2022-07-11,82239196,"IDEALPRO","USD.CNH",0,6.69352,6.69433,0
2022-07-11,82244745,"IDEALPRO","USD.CNH",0,6.69322,6.694,0
2022-07-11,82245854,"IDEALPRO","USD.CNH",0,6.69332,6.69414,0
2022-07-11,82248962,"IDEALPRO","USD.CNH",0,6.69312,6.69393,0
2022-07-11,82249445,"IDEALPRO","USD.CNH",0,6.69258,6.69338,0
2022-07-11,82250555,"IDEALPRO","USD.CNH",0,6.69256,6.69336,0
2022-07-11,82251888,"IDEALPRO","USD.CNH",0,6.69258,6.69336,0
2022-07-11,82252331,"IDEALPRO","USD.CNH",0,6.69256,6.69336,0
2022-07-11,82253220,"IDEALPRO","USD.CNH",0,6.69256,6.69335,0
2022-07-11,82255883,"IDEALPRO","USD.CNH",0,6.69256,6.69336,0
2022-07-11,82256993,"IDEALPRO","USD.CNH",0,6.6923,6.69309,0
2022-07-11,82257437,"IDEALPRO","USD.CNH",0,6.69258,6.69339,0
2022-07-11,82300896,"IDEALPRO","USD.CNH",0,6.69261,6.69343,0
2022-07-11,82304892,"IDEALPRO","USD.CNH",0,6.69259,6.69344,0
2022-07-11,82309814,"IDEALPRO","USD.CNH",0,6.69263,6.69348,0
2022-07-11,82311960,"IDEALPRO","USD.CNH",0,6.69216,6.69294,0
2022-07-11,82312404,"IDEALPRO","USD.CNH",0,6.69214,6.69294,0
2022-07-11,82317065,"IDEALPRO","USD.CNH",0,6.69222,6.69294,0
2022-07-11,82318618,"IDEALPRO","USD.CNH",0,6.69222,6.69292,0
2022-07-11,82319990,"IDEALPRO","USD.CNH",0,6.69222,6.69295,0
2022-07-11,82320212,"IDEALPRO","USD.CNH",0,6.69222,6.69295,0
2022-07-11,82321813,"IDEALPRO","USD.CNH",0,6.69181,6.69261,0
2022-07-11,82322922,"IDEALPRO","USD.CNH",0,6.69229,6.69304,0
2022-07-11,82323812,"IDEALPRO","USD.CNH",0,6.6923,6.69296,0
2022-07-11,82324923,"IDEALPRO","USD.CNH",0,6.69229,6.69287,0
2022-07-11,82325145,"IDEALPRO","USD.CNH",0,6.69206,6.69285,0
2022-07-11,82327808,"IDEALPRO","USD.CNH",0,6.69228,6.69307,0
2022-07-11,82331915,"IDEALPRO","USD.CNH",0,6.69228,6.69306,0
2022-07-11,82336803,"IDEALPRO","USD.CNH",0,6.69224,6.69302,0
2022-07-11,82337692,"IDEALPRO","USD.CNH",0,6.69193,6.6927,0
2022-07-11,82342169,"IDEALPRO","USD.CNH",0,6.69192,6.69268,0
2022-07-11,82345055,"IDEALPRO","USD.CNH",0,6.69193,6.69269,0
2022-07-11,82346165,"IDEALPRO","USD.CNH",0,6.692,6.69276,0
2022-07-11,82348606,"IDEALPRO","USD.CNH",0,6.6921,6.69286,0
2022-07-11,82351826,"IDEALPRO","USD.CNH",0,6.69206,6.69282,0
2022-07-11,82403644,"IDEALPRO","USD.CNH",0,6.69214,6.6929,0
2022-07-11,82408970,"IDEALPRO","USD.CNH",0,6.69215,6.69291,0
2022-07-11,82409899,"IDEALPRO","USD.CNH",0,6.69208,6.69277,0
2022-07-11,82411897,"IDEALPRO","USD.CNH",0,6.69229,6.69301,0
2022-07-11,82413893,"IDEALPRO","USD.CNH",0,6.6923,6.69301,0
2022-07-11,82414337,"IDEALPRO","USD.CNH",0,6.69231,6.69305,0
2022-07-11,82421922,"IDEALPRO","USD.CNH",0,6.6923,6.69303,0
2022-07-11,82422587,"IDEALPRO","USD.CNH",0,6.69229,6.69303,0
2022-07-11,82423981,"IDEALPRO","USD.CNH",0,6.69193,6.69268,0
2022-07-11,82424202,"IDEALPRO","USD.CNH",0,6.69188,6.69261,0
2022-07-11,82425978,"IDEALPRO","USD.CNH",0,6.69204,6.69274,0
2022-07-11,82426643,"IDEALPRO","USD.CNH",0,6.69229,6.69304,0
2022-07-11,82427976,"IDEALPRO","USD.CNH",0,6.69225,6.693,0
2022-07-11,82431824,"IDEALPRO","USD.CNH",0,6.69224,6.69298,0
2022-07-11,82432936,"IDEALPRO","USD.CNH",0,6.69178,6.69252,0
2022-07-11,82433601,"IDEALPRO","USD.CNH",0,6.69185,6.69259,0
2022-07-11,82435821,"IDEALPRO","USD.CNH",0,6.69198,6.69266,0
2022-07-11,82436486,"IDEALPRO","USD.CNH",0,6.69215,6.69288,0
2022-07-11,82437152,"IDEALPRO","USD.CNH",0,6.69216,6.69288,0
2022-07-11,82442073,"IDEALPRO","USD.CNH",0,6.69216,6.69289,0
2022-07-11,82447399,"IDEALPRO","USD.CNH",0,6.69229,6.69298,0
2022-07-11,82448360,"IDEALPRO","USD.CNH",0,6.69229,6.693,0
2022-07-11,82454839,"IDEALPRO","USD.CNH",0,6.69231,6.693,0
2022-07-11,82455949,"IDEALPRO","USD.CNH",0,6.69231,6.69299,0
2022-07-11,82456393,"IDEALPRO","USD.CNH",0,6.69231,6.693,0
2022-07-11,82458389,"IDEALPRO","USD.CNH",0,6.69229,6.693,0
2022-07-11,82459539,"IDEALPRO","USD.CNH",0,6.69229,6.693,0
2022-07-11,82501593,"IDEALPRO","USD.CNH",0,6.69229,6.693,0
2022-07-11,82502703,"IDEALPRO","USD.CNH",0,6.69229,6.69299,0
2022-07-11,82503369,"IDEALPRO","USD.CNH",0,6.69226,6.69299,0
2022-07-11,82506920,"IDEALPRO","USD.CNH",0,6.69225,6.69297,0
2022-07-11,82509493,"IDEALPRO","USD.CNH",0,6.69225,6.69297,0
2022-07-11,82510159,"IDEALPRO","USD.CNH",0,6.69227,6.69297,0
2022-07-11,82516151,"IDEALPRO","USD.CNH",0,6.69225,6.69297,0
2022-07-11,82517482,"IDEALPRO","USD.CNH",0,6.69227,6.69297,0
2022-07-11,82518369,"IDEALPRO","USD.CNH",0,6.69225,6.69297,0
2022-07-11,82520852,"IDEALPRO","USD.CNH",0,6.69244,6.69315,0
2022-07-11,82522849,"IDEALPRO","USD.CNH",0,6.69232,6.69301,0
2022-07-11,82523071,"IDEALPRO","USD.CNH",0,6.69241,6.69301,0
2022-07-11,82525957,"IDEALPRO","USD.CNH",0,6.69247,6.69314,0
2022-07-11,82526401,"IDEALPRO","USD.CNH",0,6.69233,6.69296,0
2022-07-11,82527732,"IDEALPRO","USD.CNH",0,6.69234,6.69296,0
2022-07-11,82528841,"IDEALPRO","USD.CNH",0,6.69234,6.69299,0
2022-07-11,82529080,"IDEALPRO","USD.CNH",0,6.69243,6.69299,0
2022-07-11,82533782,"IDEALPRO","USD.CNH",0,6.69207,6.69256,0
2022-07-11,82534669,"IDEALPRO","USD.CNH",0,6.69203,6.69256,0
2022-07-11,82535558,"IDEALPRO","USD.CNH",0,6.69193,6.69259,0
2022-07-11,82539439,"IDEALPRO","USD.CNH",0,6.69199,6.69261,0
2022-07-11,82540994,"IDEALPRO","USD.CNH",0,6.69218,6.69286,0
2022-07-11,82541216,"IDEALPRO","USD.CNH",0,6.6923,6.69298,0
2022-07-11,82545875,"IDEALPRO","USD.CNH",0,6.69226,6.69295,0
2022-07-11,82547429,"IDEALPRO","USD.CNH",0,6.69224,6.69293,0
2022-07-11,82549396,"IDEALPRO","USD.CNH",0,6.69224,6.69292,0
2022-07-11,82552949,"IDEALPRO","USD.CNH",0,6.69208,6.69275,0
2022-07-11,82553614,"IDEALPRO","USD.CNH",0,6.69203,6.69261,0
2022-07-11,82554947,"IDEALPRO","USD.CNH",0,6.69206,6.69261,0
2022-07-11,82555614,"IDEALPRO","USD.CNH",0,6.69192,6.6926,0
2022-07-11,82603748,"IDEALPRO","USD.CNH",0,6.69194,6.69262,0
2022-07-11,82604414,"IDEALPRO","USD.CNH",0,6.69206,6.69274,0
2022-07-11,82609783,"IDEALPRO","USD.CNH",0,6.69094,6.69163,0
2022-07-11,82610894,"IDEALPRO","USD.CNH",0,6.69094,6.69163,0
2022-07-11,82611784,"IDEALPRO","USD.CNH",0,6.69116,6.69184,0
2022-07-11,82614949,"IDEALPRO","USD.CNH",0,6.69181,6.69249,0
2022-07-11,82617167,"IDEALPRO","USD.CNH",0,6.69177,6.69245,0
2022-07-11,82619516,"IDEALPRO","USD.CNH",0,6.69163,6.69232,0
2022-07-11,82621528,"IDEALPRO","USD.CNH",0,6.69146,6.69215,0
2022-07-11,82622415,"IDEALPRO","USD.CNH",0,6.69117,6.69187,0
2022-07-11,82623969,"IDEALPRO","USD.CNH",0,6.69119,6.6919,0
2022-07-11,82624413,"IDEALPRO","USD.CNH",0,6.69114,6.69184,0
2022-07-11,82626411,"IDEALPRO","USD.CNH",0,6.69125,6.69195,0
2022-07-11,82630237,"IDEALPRO","USD.CNH",0,6.69124,6.69194,0
2022-07-11,82632678,"IDEALPRO","USD.CNH",0,6.6912,6.6919,0
2022-07-11,82636674,"IDEALPRO","USD.CNH",0,6.69075,6.69147,0
2022-07-11,82639821,"IDEALPRO","USD.CNH",0,6.6907,6.69142,0
2022-07-11,82641819,"IDEALPRO","USD.CNH",0,6.6907,6.69141,0
2022-07-11,82642040,"IDEALPRO","USD.CNH",0,6.69064,6.69135,0
2022-07-11,82646035,"IDEALPRO","USD.CNH",0,6.69064,6.69135,0
2022-07-11,82649229,"IDEALPRO","USD.CNH",0,6.69064,6.69135,0
2022-07-11,82655773,"IDEALPRO","USD.CNH",0,6.69149,6.69221,0
2022-07-11,82658879,"IDEALPRO","USD.CNH",0,6.69148,6.6922,0
2022-07-11,82702026,"IDEALPRO","USD.CNH",0,6.69143,6.69216,0
2022-07-11,82709957,"IDEALPRO","USD.CNH",0,6.69137,6.69209,0
2022-07-11,82710179,"IDEALPRO","USD.CNH",0,6.69111,6.69185,0
2022-07-11,82712396,"IDEALPRO","USD.CNH",0,6.69106,6.6918,0
2022-07-11,82715728,"IDEALPRO","USD.CNH",0,6.69121,6.69196,0
2022-07-11,82717947,"IDEALPRO","USD.CNH",0,6.69057,6.69128,0
2022-07-11,82718392,"IDEALPRO","USD.CNH",0,6.69053,6.69128,0
2022-07-11,82721759,"IDEALPRO","USD.CNH",0,6.69053,6.69127,0
2022-07-11,82723758,"IDEALPRO","USD.CNH",0,6.69054,6.69127,0
2022-07-11,82724202,"IDEALPRO","USD.CNH",0,6.6906,6.69133,0
2022-07-11,82726422,"IDEALPRO","USD.CNH",0,6.6906,6.69133,0
2022-07-11,82727975,"IDEALPRO","USD.CNH",0,6.69059,6.6913,0
2022-07-11,82728863,"IDEALPRO","USD.CNH",0,6.69052,6.69121,0
2022-07-11,82729803,"IDEALPRO","USD.CNH",0,6.69052,6.69119,0
2022-07-11,82730691,"IDEALPRO","USD.CNH",0,6.69052,6.69116,0
2022-07-11,82732244,"IDEALPRO","USD.CNH",0,6.69052,6.69112,0
2022-07-11,82733575,"IDEALPRO","USD.CNH",0,6.69052,6.69108,0
2022-07-11,82734020,"IDEALPRO","USD.CNH",0,6.69052,6.69107,0
2022-07-11,82736079,"IDEALPRO","USD.CNH",0,6.69049,6.69107,0
2022-07-11,82738741,"IDEALPRO","USD.CNH",0,6.69054,6.6911,0
2022-07-11,82740541,"IDEALPRO","USD.CNH",0,6.69054,6.69112,0
2022-07-11,82742759,"IDEALPRO","USD.CNH",0,6.69058,6.69112,0
2022-07-11,82757707,"IDEALPRO","USD.CNH",0,6.69058,6.69116,0
2022-07-11,82758817,"IDEALPRO","USD.CNH",0,6.69058,6.69115,0
2022-07-11,82803740,"IDEALPRO","USD.CNH",0,6.69058,6.69112,0
2022-07-11,82807514,"IDEALPRO","USD.CNH",0,6.69058,6.69117,0
2022-07-11,82808623,"IDEALPRO","USD.CNH",0,6.69063,6.69117,0
2022-07-11,82809328,"IDEALPRO","USD.CNH",0,6.69063,6.69118,0
2022-07-11,82821965,"IDEALPRO","USD.CNH",0,6.69066,6.69115,0
2022-07-11,82823742,"IDEALPRO","USD.CNH",0,6.69066,6.69116,0
2022-07-11,82827959,"IDEALPRO","USD.CNH",0,6.69063,6.69116,0
2022-07-11,82829811,"IDEALPRO","USD.CNH",0,6.69069,6.69119,0
2022-07-11,82830033,"IDEALPRO","USD.CNH",0,6.69069,6.69124,0
2022-07-11,82833848,"IDEALPRO","USD.CNH",0,6.69071,6.69127,0
2022-07-11,82842841,"IDEALPRO","USD.CNH",0,6.69061,6.69118,0
2022-07-11,82854187,"IDEALPRO","USD.CNH",0,6.69068,6.69122,0
2022-07-11,82906847,"IDEALPRO","USD.CNH",0,6.69066,6.69119,0
2022-07-11,82917514,"IDEALPRO","USD.CNH",0,6.69085,6.69138,0
2022-07-11,82920679,"IDEALPRO","USD.CNH",0,6.6908,6.69133,0
2022-07-11,82930893,"IDEALPRO","USD.CNH",0,6.69159,6.69206,0
2022-07-11,82931559,"IDEALPRO","USD.CNH",0,6.69153,6.69199,0
2022-07-11,82933446,"IDEALPRO","USD.CNH",0,6.69151,6.69196,0
2022-07-11,82935000,"IDEALPRO","USD.CNH",0,6.69144,6.69189,0
2022-07-11,82937051,"IDEALPRO","USD.CNH",0,6.69147,6.69192,0
2022-07-11,82938605,"IDEALPRO","USD.CNH",0,6.69151,6.69196,0
2022-07-11,82943849,"IDEALPRO","USD.CNH",0,6.69144,6.69189,0
2022-07-11,82945009,"IDEALPRO","USD.CNH",0,6.69143,6.69189,0
2022-07-11,82948780,"IDEALPRO","USD.CNH",0,6.69147,6.69192,0
2022-07-11,82949930,"IDEALPRO","USD.CNH",0,6.69149,6.69194,0
2022-07-11,82950595,"IDEALPRO","USD.CNH",0,6.69156,6.69203,0
2022-07-11,82951261,"IDEALPRO","USD.CNH",0,6.69164,6.69212,0
2022-07-11,82952592,"IDEALPRO","USD.CNH",0,6.69171,6.69218,0
2022-07-11,82956393,"IDEALPRO","USD.CNH",0,6.69171,6.69219,0
2022-07-11,83000537,"IDEALPRO","USD.CNH",0,6.69252,6.69299,0
2022-07-11,83001426,"IDEALPRO","USD.CNH",0,6.6925,6.69296,0
2022-07-11,83002757,"IDEALPRO","USD.CNH",0,6.69245,6.69292,0
2022-07-11,83003867,"IDEALPRO","USD.CNH",0,6.69244,6.69288,0
2022-07-11,83004533,"IDEALPRO","USD.CNH",0,6.69192,6.6924,0
2022-07-11,83009880,"IDEALPRO","USD.CNH",0,6.69245,6.69295,0
2022-07-11,83010102,"IDEALPRO","USD.CNH",0,6.69243,6.69293,0
2022-07-11,83011875,"IDEALPRO","USD.CNH",0,6.69248,6.693,0
2022-07-11,83012540,"IDEALPRO","USD.CNH",0,6.69269,6.69323,0
2022-07-11,83013429,"IDEALPRO","USD.CNH",0,6.69231,6.69287,0
2022-07-11,83014981,"IDEALPRO","USD.CNH",0,6.69217,6.69272,0
2022-07-11,83015203,"IDEALPRO","USD.CNH",0,6.69203,6.69258,0
2022-07-11,83017865,"IDEALPRO","USD.CNH",0,6.692,6.69257,0
2022-07-11,83019680,"IDEALPRO","USD.CNH",0,6.6916,6.6922,0
2022-07-11,83020124,"IDEALPRO","USD.CNH",0,6.69159,6.69219,0
2022-07-11,83022120,"IDEALPRO","USD.CNH",0,6.69158,6.69219,0
2022-07-11,83023897,"IDEALPRO","USD.CNH",0,6.6916,6.69222,0
2022-07-11,83024118,"IDEALPRO","USD.CNH",0,6.69154,6.69216,0
2022-07-11,83025228,"IDEALPRO","USD.CNH",0,6.69155,6.69217,0
2022-07-11,83026338,"IDEALPRO","USD.CNH",0,6.69155,6.69218,0
2022-07-11,83029987,"IDEALPRO","USD.CNH",0,6.6912,6.69184,0
2022-07-11,83030875,"IDEALPRO","USD.CNH",0,6.69103,6.69166,0
2022-07-11,83031541,"IDEALPRO","USD.CNH",0,6.69084,6.69149,0
2022-07-11,83032652,"IDEALPRO","USD.CNH",0,6.69084,6.6915,0
2022-07-11,83033990,"IDEALPRO","USD.CNH",0,6.69076,6.69142,0
2022-07-11,83044907,"IDEALPRO","USD.CNH",0,6.69076,6.69143,0
2022-07-11,83046905,"IDEALPRO","USD.CNH",0,6.69066,6.69132,0
2022-07-11,83055381,"IDEALPRO","USD.CNH",0,6.69066,6.69131,0
2022-07-11,83056934,"IDEALPRO","USD.CNH",0,6.69067,6.69132,0
2022-07-11,83057823,"IDEALPRO","USD.CNH",0,6.69059,6.69114,0
2022-07-11,83059194,"IDEALPRO","USD.CNH",0,6.69059,6.69115,0
2022-07-11,83100970,"IDEALPRO","USD.CNH",0,6.69055,6.69117,0
2022-07-11,83101192,"IDEALPRO","USD.CNH",0,6.69055,6.69121,0
2022-07-11,83102415,"IDEALPRO","USD.CNH",0,6.69055,6.69119,0
2022-07-11,83103968,"IDEALPRO","USD.CNH",0,6.69058,6.69121,0
2022-07-11,83105297,"IDEALPRO","USD.CNH",0,6.69055,6.6912,0
2022-07-11,83106988,"IDEALPRO","USD.CNH",0,6.69061,6.69121,0
2022-07-11,83107432,"IDEALPRO","USD.CNH",0,6.69069,6.69132,0
2022-07-11,83111465,"IDEALPRO","USD.CNH",0,6.69077,6.69141,0
2022-07-11,83112613,"IDEALPRO","USD.CNH",0,6.69081,6.69145,0
2022-07-11,83118333,"IDEALPRO","USD.CNH",0,6.69102,6.69166,0
2022-07-11,83121481,"IDEALPRO","USD.CNH",0,6.69102,6.69167,0
2022-07-11,83123702,"IDEALPRO","USD.CNH",0,6.69115,6.69182,0
2022-07-11,83124368,"IDEALPRO","USD.CNH",0,6.69092,6.69159,0
2022-07-11,83127920,"IDEALPRO","USD.CNH",0,6.6909,6.69157,0
2022-07-11,83132913,"IDEALPRO","USD.CNH",0,6.69072,6.69139,0
2022-07-11,83134022,"IDEALPRO","USD.CNH",0,6.69075,6.69142,0
2022-07-11,83148735,"IDEALPRO","USD.CNH",0,6.69069,6.69137,0
2022-07-11,83149441,"IDEALPRO","USD.CNH",0,6.69069,6.69137,0
2022-07-11,83150107,"IDEALPRO","USD.CNH",0,6.69069,6.69137,0
2022-07-11,83151883,"IDEALPRO","USD.CNH",0,6.69066,6.69133,0
2022-07-11,83154990,"IDEALPRO","USD.CNH",0,6.69071,6.69138,0
2022-07-11,83158541,"IDEALPRO","USD.CNH",0,6.69063,6.69129,0
2022-07-11,83213933,"IDEALPRO","USD.CNH",0,6.69077,6.69132,0
2022-07-11,83220874,"IDEALPRO","USD.CNH",0,6.69122,6.69187,0
2022-07-11,83221984,"IDEALPRO","USD.CNH",0,6.69141,6.69204,0
2022-07-11,83223539,"IDEALPRO","USD.CNH",0,6.69118,6.69177,0
2022-07-11,83224870,"IDEALPRO","USD.CNH",0,6.69118,6.69175,0
2022-07-11,83227978,"IDEALPRO","USD.CNH",0,6.69122,6.69175,0
2022-07-11,83229582,"IDEALPRO","USD.CNH",0,6.69124,6.69175,0
2022-07-11,83234021,"IDEALPRO","USD.CNH",0,6.69124,6.69183,0
2022-07-11,83239609,"IDEALPRO","USD.CNH",0,6.69124,6.69184,0
2022-07-11,83241606,"IDEALPRO","USD.CNH",0,6.69126,6.6919,0
2022-07-11,83242271,"IDEALPRO","USD.CNH",0,6.69128,6.6919,0
2022-07-11,83243603,"IDEALPRO","USD.CNH",0,6.69124,6.69185,0
2022-07-11,83256959,"IDEALPRO","USD.CNH",0,6.69196,6.69261,0
2022-07-11,83257848,"IDEALPRO","USD.CNH",0,6.69191,6.69256,0
2022-07-11,83258070,"IDEALPRO","USD.CNH",0,6.69182,6.69247,0
2022-07-11,83302375,"IDEALPRO","USD.CNH",0,6.69182,6.69247,0
2022-07-11,83303486,"IDEALPRO","USD.CNH",0,6.69191,6.69257,0
2022-07-11,83304595,"IDEALPRO","USD.CNH",0,6.69189,6.69255,0
2022-07-11,83306149,"IDEALPRO","USD.CNH",0,6.69188,6.69255,0
2022-07-11,83307259,"IDEALPRO","USD.CNH",0,6.69192,6.69258,0
2022-07-11,83309979,"IDEALPRO","USD.CNH",0,6.69207,6.69271,0
2022-07-11,83311754,"IDEALPRO","USD.CNH",0,6.69199,6.69265,0
2022-07-11,83313974,"IDEALPRO","USD.CNH",0,6.69199,6.69263,0
2022-07-11,83317302,"IDEALPRO","USD.CNH",0,6.692,6.69266,0
2022-07-11,83341940,"IDEALPRO","USD.CNH",0,6.69164,6.69229,0
2022-07-11,83342827,"IDEALPRO","USD.CNH",0,6.69168,6.69226,0
2022-07-11,83345932,"IDEALPRO","USD.CNH",0,6.69168,6.6923,0
2022-07-11,83346820,"IDEALPRO","USD.CNH",0,6.69205,6.69268,0
2022-07-11,83347928,"IDEALPRO","USD.CNH",0,6.6921,6.69278,0
2022-07-11,83349743,"IDEALPRO","USD.CNH",0,6.69203,6.69271,0
2022-07-11,83351962,"IDEALPRO","USD.CNH",0,6.69189,6.69257,0
2022-07-11,83356854,"IDEALPRO","USD.CNH",0,6.69198,6.69268,0
2022-07-11,83357742,"IDEALPRO","USD.CNH",0,6.69193,6.69262,0
2022-07-11,83358629,"IDEALPRO","USD.CNH",0,6.69193,6.69261,0
2022-07-11,83400576,"IDEALPRO","USD.CNH",0,6.69193,6.69263,0
2022-07-11,83406908,"IDEALPRO","USD.CNH",0,6.69193,6.69263,0
2022-07-11,83407796,"IDEALPRO","USD.CNH",0,6.69155,6.69226,0
2022-07-11,83408683,"IDEALPRO","USD.CNH",0,6.69155,6.69226,0
2022-07-11,83410581,"IDEALPRO","USD.CNH",0,6.69175,6.69244,0
2022-07-11,83412720,"IDEALPRO","USD.CNH",0,6.69174,6.69244,0
2022-07-11,83413386,"IDEALPRO","USD.CNH",0,6.69225,6.69294,0
2022-07-11,83414717,"IDEALPRO","USD.CNH",0,6.69225,6.69291,0
2022-07-11,83415383,"IDEALPRO","USD.CNH",0,6.69222,6.69291,0
2022-07-11,83418934,"IDEALPRO","USD.CNH",0,6.69222,6.6929,0
2022-07-11,83420974,"IDEALPRO","USD.CNH",0,6.6922,6.69289,0
2022-07-11,83421195,"IDEALPRO","USD.CNH",0,6.69221,6.69289,0
2022-07-11,83423637,"IDEALPRO","USD.CNH",0,6.6922,6.69289,0
2022-07-11,83425635,"IDEALPRO","USD.CNH",0,6.6922,6.69289,0
2022-07-11,83426523,"IDEALPRO","USD.CNH",0,6.69217,6.69285,0
2022-07-11,83430917,"IDEALPRO","USD.CNH",0,6.69212,6.69266,0
2022-07-11,83431361,"IDEALPRO","USD.CNH",0,6.69211,6.6926,0
2022-07-11,83434067,"IDEALPRO","USD.CNH",0,6.69214,6.6926,0
2022-07-11,83436951,"IDEALPRO","USD.CNH",0,6.69268,6.69333,0
2022-07-11,83437840,"IDEALPRO","USD.CNH",0,6.6927,6.69335,0
2022-07-11,83438284,"IDEALPRO","USD.CNH",0,6.69261,6.69326,0
2022-07-11,83439434,"IDEALPRO","USD.CNH",0,6.69261,6.69322,0
2022-07-11,83442540,"IDEALPRO","USD.CNH",0,6.69259,6.69322,0
2022-07-11,83444845,"IDEALPRO","USD.CNH",0,6.69209,6.69269,0
2022-07-11,83445067,"IDEALPRO","USD.CNH",0,6.69215,6.69269,0
2022-07-11,83446842,"IDEALPRO","USD.CNH",0,6.69213,6.69269,0
2022-07-11,83447952,"IDEALPRO","USD.CNH",0,6.6921,6.69263,0
2022-07-11,83448840,"IDEALPRO","USD.CNH",0,6.69188,6.69237,0
2022-07-11,83449545,"IDEALPRO","USD.CNH",0,6.69207,6.69262,0
2022-07-11,83450656,"IDEALPRO","USD.CNH",0,6.6921,6.6927,0
2022-07-11,83451542,"IDEALPRO","USD.CNH",0,6.6921,6.69262,0
2022-07-11,83453839,"IDEALPRO","USD.CNH",0,6.6921,6.6927,0
2022-07-11,83454061,"IDEALPRO","USD.CNH",0,6.69213,6.6927,0
2022-07-11,83455799,"IDEALPRO","USD.CNH",0,6.69213,6.69272,0
2022-07-11,83456464,"IDEALPRO","USD.CNH",0,6.69213,6.69265,0
2022-07-11,83457479,"IDEALPRO","USD.CNH",0,6.6921,6.69264,0
2022-07-11,83500992,"IDEALPRO","USD.CNH",0,6.69207,6.69264,0
2022-07-11,83501436,"IDEALPRO","USD.CNH",0,6.69198,6.6924,0
2022-07-11,83502545,"IDEALPRO","USD.CNH",0,6.69191,6.69254,0
2022-07-11,83505982,"IDEALPRO","USD.CNH",0,6.69181,6.69236,0
2022-07-11,83506869,"IDEALPRO","USD.CNH",0,6.69164,6.69225,0
2022-07-11,83507980,"IDEALPRO","USD.CNH",0,6.69183,6.69248,0
2022-07-11,83508868,"IDEALPRO","USD.CNH",0,6.6918,6.69248,0
2022-07-11,83510682,"IDEALPRO","USD.CNH",0,6.6918,6.69245,0
2022-07-11,83512902,"IDEALPRO","USD.CNH",0,6.6918,6.69247,0
2022-07-11,83514901,"IDEALPRO","USD.CNH",0,6.69191,6.6926,0
2022-07-11,83518674,"IDEALPRO","USD.CNH",0,6.69191,6.69254,0
2022-07-11,83520711,"IDEALPRO","USD.CNH",0,6.69277,6.69347,0
2022-07-11,83521821,"IDEALPRO","USD.CNH",0,6.69261,6.69317,0
2022-07-11,83522487,"IDEALPRO","USD.CNH",0,6.69274,6.69336,0
2022-07-11,83523819,"IDEALPRO","USD.CNH",0,6.69275,6.69336,0
2022-07-11,83526480,"IDEALPRO","USD.CNH",0,6.6928,6.69335,0
2022-07-11,83527369,"IDEALPRO","USD.CNH",0,6.69276,6.69335,0
2022-07-11,83528034,"IDEALPRO","USD.CNH",0,6.69275,6.69332,0
2022-07-11,83531804,"IDEALPRO","USD.CNH",0,6.69269,6.69322,0
2022-07-11,83536688,"IDEALPRO","USD.CNH",0,6.69269,6.69325,0
2022-07-11,83537353,"IDEALPRO","USD.CNH",0,6.6927,6.69325,0
2022-07-11,83544956,"IDEALPRO","USD.CNH",0,6.69329,6.69392,0
2022-07-11,83546065,"IDEALPRO","USD.CNH",0,6.69329,6.69396,0
2022-07-11,83547175,"IDEALPRO","USD.CNH",0,6.69329,6.69395,0
2022-07-11,83549731,"IDEALPRO","USD.CNH",0,6.69329,6.69396,0
2022-07-11,83550619,"IDEALPRO","USD.CNH",0,6.69327,6.69379,0
2022-07-11,83551285,"IDEALPRO","USD.CNH",0,6.69322,6.69379,0
2022-07-11,83556923,"IDEALPRO","USD.CNH",0,6.6931,6.69379,0
2022-07-11,83557145,"IDEALPRO","USD.CNH",0,6.6931,6.69373,0
2022-07-11,83602933,"IDEALPRO","USD.CNH",0,6.69323,6.69382,0
2022-07-11,83604930,"IDEALPRO","USD.CNH",0,6.69314,6.69382,0
2022-07-11,83605853,"IDEALPRO","USD.CNH",0,6.69312,6.69382,0
2022-07-11,83609949,"IDEALPRO","USD.CNH",0,6.69312,6.69379,0
2022-07-11,83614903,"IDEALPRO","USD.CNH",0,6.69311,6.69376,0
2022-07-11,83616127,"IDEALPRO","USD.CNH",0,6.69307,6.69376,0
2022-07-11,83618825,"IDEALPRO","USD.CNH",0,6.69307,6.69377,0
2022-07-11,83620419,"IDEALPRO","USD.CNH",0,6.69306,6.69377,0
2022-07-11,83626688,"IDEALPRO","USD.CNH",0,6.69301,6.6936,0
2022-07-11,83627132,"IDEALPRO","USD.CNH",0,6.69304,6.6936,0
2022-07-11,83630874,"IDEALPRO","USD.CNH",0,6.69304,6.69361,0
2022-07-11,83633901,"IDEALPRO","USD.CNH",0,6.69336,6.69387,0
2022-07-11,83634344,"IDEALPRO","USD.CNH",0,6.69363,6.69424,0
2022-07-11,83635453,"IDEALPRO","USD.CNH",0,6.69361,6.69419,0
2022-07-11,83638781,"IDEALPRO","USD.CNH",0,6.69335,6.6938,0
2022-07-11,83639264,"IDEALPRO","USD.CNH",0,6.69335,6.69389,0
2022-07-11,83642882,"IDEALPRO","USD.CNH",0,6.69339,6.69399,0
2022-07-11,83643769,"IDEALPRO","USD.CNH",0,6.6936,6.69432,0
2022-07-11,83644879,"IDEALPRO","USD.CNH",0,6.69337,6.69407,0
2022-07-11,83645990,"IDEALPRO","USD.CNH",0,6.69385,6.69442,0
2022-07-11,83646877,"IDEALPRO","USD.CNH",0,6.69385,6.69443,0
2022-07-11,83647766,"IDEALPRO","USD.CNH",0,6.69385,6.69443,0
2022-07-11,83648877,"IDEALPRO","USD.CNH",0,6.69385,6.69433,0
2022-07-11,83649581,"IDEALPRO","USD.CNH",0,6.69353,6.69415,0
2022-07-11,83650469,"IDEALPRO","USD.CNH",0,6.69353,6.69417,0
2022-07-11,83655664,"IDEALPRO","USD.CNH",0,6.69354,6.69424,0
2022-07-11,83657440,"IDEALPRO","USD.CNH",0,6.69355,6.69424,0
2022-07-11,83658995,"IDEALPRO","USD.CNH",0,6.69387,6.69444,0
2022-07-11,83659699,"IDEALPRO","USD.CNH",0,6.69408,6.69471,0
2022-07-11,83700144,"IDEALPRO","USD.CNH",0,6.69408,6.69474,0
2022-07-11,83701920,"IDEALPRO","USD.CNH",0,6.69365,6.69435,0
2022-07-11,83702364,"IDEALPRO","USD.CNH",0,6.69368,6.69426,0
2022-07-11,83713727,"IDEALPRO","USD.CNH",0,6.69333,6.6938,0
2022-07-11,83716926,"IDEALPRO","USD.CNH",0,6.69371,6.69429,0
2022-07-11,83719871,"IDEALPRO","USD.CNH",0,6.69363,6.6942,0
2022-07-11,83720979,"IDEALPRO","USD.CNH",0,6.69327,6.69379,0
2022-07-11,83721646,"IDEALPRO","USD.CNH",0,6.69333,6.69383,0
2022-07-11,83731804,"IDEALPRO","USD.CNH",0,6.69333,6.69385,0
2022-07-11,83741931,"IDEALPRO","USD.CNH",0,6.69333,6.69387,0
2022-07-11,83742153,"IDEALPRO","USD.CNH",0,6.69336,6.69387,0
2022-07-11,83743554,"IDEALPRO","USD.CNH",0,6.69336,6.69385,0
2022-07-11,83746884,"IDEALPRO","USD.CNH",0,6.69336,6.69388,0
2022-07-11,83750814,"IDEALPRO","USD.CNH",0,6.69371,6.69441,0
2022-07-11,83754810,"IDEALPRO","USD.CNH",0,6.69364,6.69435,0
2022-07-11,83755920,"IDEALPRO","USD.CNH",0,6.69344,6.69403,0
2022-07-11,83756585,"IDEALPRO","USD.CNH",0,6.69347,6.6941,0
2022-07-11,83800840,"IDEALPRO","USD.CNH",0,6.69347,6.69408,0
2022-07-11,83801506,"IDEALPRO","USD.CNH",0,6.6934,6.69408,0
2022-07-11,83802616,"IDEALPRO","USD.CNH",0,6.6934,6.69406,0
2022-07-11,83806842,"IDEALPRO","USD.CNH",0,6.69367,6.69439,0
2022-07-11,83807729,"IDEALPRO","USD.CNH",0,6.6937,6.69443,0
2022-07-11,83809987,"IDEALPRO","USD.CNH",0,6.6937,6.69435,0
2022-07-11,83810875,"IDEALPRO","USD.CNH",0,6.69353,6.69419,0
2022-07-11,83811541,"IDEALPRO","USD.CNH",0,6.69346,6.69418,0
2022-07-11,83814755,"IDEALPRO","USD.CNH",0,6.6935,6.69418,0
2022-07-11,83818971,"IDEALPRO","USD.CNH",0,6.69383,6.69451,0
2022-07-11,83819898,"IDEALPRO","USD.CNH",0,6.69372,6.69445,0
2022-07-11,83820342,"IDEALPRO","USD.CNH",0,6.69364,6.69435,0
2022-07-11,83824351,"IDEALPRO","USD.CNH",0,6.69358,6.69431,0
2022-07-11,83825682,"IDEALPRO","USD.CNH",0,6.69358,6.69431,0
2022-07-11,83826971,"IDEALPRO","USD.CNH",0,6.69355,6.69425,0
2022-07-11,83827973,"IDEALPRO","USD.CNH",0,6.69377,6.69449,0
2022-07-11,83828638,"IDEALPRO","USD.CNH",0,6.69408,6.69481,0
2022-07-11,83831679,"IDEALPRO","USD.CNH",0,6.69411,6.6948,0
2022-07-11,83836732,"IDEALPRO","USD.CNH",0,6.69377,6.6945,0
2022-07-11,83837842,"IDEALPRO","USD.CNH",0,6.69363,6.69427,0
2022-07-11,83838286,"IDEALPRO","USD.CNH",0,6.69363,6.6943,0
2022-07-11,83840544,"IDEALPRO","USD.CNH",0,6.69369,6.69436,0
2022-07-11,83842584,"IDEALPRO","USD.CNH",0,6.69369,6.69432,0
2022-07-11,83844580,"IDEALPRO","USD.CNH",0,6.69369,6.69433,0
2022-07-11,83857864,"IDEALPRO","USD.CNH",0,6.69367,6.69433,0
2022-07-11,83858975,"IDEALPRO","USD.CNH",0,6.69383,6.69457,0
2022-07-11,83903895,"IDEALPRO","USD.CNH",0,6.69383,6.69458,0
2022-07-11,83904939,"IDEALPRO","USD.CNH",0,6.69383,6.69453,0
2022-07-11,83905826,"IDEALPRO","USD.CNH",0,6.69382,6.69445,0
2022-07-11,83906492,"IDEALPRO","USD.CNH",0,6.69376,6.69435,0
2022-07-11,83908489,"IDEALPRO","USD.CNH",0,6.69375,6.69435,0
2022-07-11,83918634,"IDEALPRO","USD.CNH",0,6.69314,6.69387,0
2022-07-11,83921811,"IDEALPRO","USD.CNH",0,6.69316,6.69384,0
2022-07-11,83922921,"IDEALPRO","USD.CNH",0,6.69322,6.69394,0
2022-07-11,83925363,"IDEALPRO","USD.CNH",0,6.69322,6.69389,0
2022-07-11,83934196,"IDEALPRO","USD.CNH",0,6.69322,6.69389,0
2022-07-11,83939784,"IDEALPRO","USD.CNH",0,6.69322,6.69391,0
2022-07-11,83941843,"IDEALPRO","USD.CNH",0,6.69311,6.69378,0
2022-07-11,83942952,"IDEALPRO","USD.CNH",0,6.69344,6.69415,0
2022-07-11,83943838,"IDEALPRO","USD.CNH",0,6.69347,6.69418,0
2022-07-11,83946451,"IDEALPRO","USD.CNH",0,6.69345,6.69415,0
2022-07-11,83947452,"IDEALPRO","USD.CNH",0,6.69344,6.69415,0
2022-07-11,83950214,"IDEALPRO","USD.CNH",0,6.69344,6.69415,0
2022-07-11,83951838,"IDEALPRO","USD.CNH",0,6.69334,6.69403,0
2022-07-11,83952996,"IDEALPRO","USD.CNH",0,6.69335,6.69399,0
2022-07-11,83953219,"IDEALPRO","USD.CNH",0,6.69344,6.69406,0
2022-07-11,83954550,"IDEALPRO","USD.CNH",0,6.69344,6.69413,0
2022-07-11,83955216,"IDEALPRO","USD.CNH",0,6.69348,6.69413,0
2022-07-11,83959791,"IDEALPRO","USD.CNH",0,6.69359,6.69412,0
2022-07-11,84000899,"IDEALPRO","USD.CNH",0,6.69376,6.69438,0
2022-07-11,84001122,"IDEALPRO","USD.CNH",0,6.69376,6.69432,0
2022-07-11,84003120,"IDEALPRO","USD.CNH",0,6.6936,6.69426,0
2022-07-11,84004008,"IDEALPRO","USD.CNH",0,6.6936,6.69426,0
2022-07-11,84006704,"IDEALPRO","USD.CNH",0,6.69361,6.69424,0
2022-07-11,84012294,"IDEALPRO","USD.CNH",0,6.69361,6.69422,0
2022-07-11,84016775,"IDEALPRO","USD.CNH",0,6.69361,6.69422,0
2022-07-11,84019255,"IDEALPRO","USD.CNH",0,6.69361,6.69422,0
2022-07-11,84020587,"IDEALPRO","USD.CNH",0,6.69356,6.69416,0
2022-07-11,84022805,"IDEALPRO","USD.CNH",0,6.6939,6.69459,0
2022-07-11,84023027,"IDEALPRO","USD.CNH",0,6.69386,6.6945,0
2022-07-11,84025840,"IDEALPRO","USD.CNH",0,6.69364,6.69434,0
2022-07-11,84026061,"IDEALPRO","USD.CNH",0,6.69363,6.69428,0
2022-07-11,84029807,"IDEALPRO","USD.CNH",0,6.69392,6.69461,0
2022-07-11,84030251,"IDEALPRO","USD.CNH",0,6.69406,6.69476,0
2022-07-11,84032469,"IDEALPRO","USD.CNH",0,6.69409,6.69478,0
2022-07-11,84034688,"IDEALPRO","USD.CNH",0,6.69364,6.69429,0
2022-07-11,84035797,"IDEALPRO","USD.CNH",0,6.69364,6.69419,0
2022-07-11,84037351,"IDEALPRO","USD.CNH",0,6.69375,6.69435,0
2022-07-11,84039387,"IDEALPRO","USD.CNH",0,6.69375,6.69441,0
2022-07-11,84041870,"IDEALPRO","USD.CNH",0,6.69373,6.69437,0
2022-07-11,84045084,"IDEALPRO","USD.CNH",0,6.69373,6.6944,0
2022-07-11,84047304,"IDEALPRO","USD.CNH",0,6.69369,6.69439,0
2022-07-11,84051805,"IDEALPRO","USD.CNH",0,6.69368,6.69439,0
2022-07-11,84054118,"IDEALPRO","USD.CNH",0,6.69369,6.69439,0
2022-07-11,84056336,"IDEALPRO","USD.CNH",0,6.69372,6.69442,0
2022-07-11,84100815,"IDEALPRO","USD.CNH",0,6.69371,6.69442,0
2022-07-11,84101924,"IDEALPRO","USD.CNH",0,6.69418,6.69488,0
2022-07-11,84105275,"IDEALPRO","USD.CNH",0,6.69418,6.69487,0
2022-07-11,84106828,"IDEALPRO","USD.CNH",0,6.69387,6.69458,0
2022-07-11,84107494,"IDEALPRO","USD.CNH",0,6.69365,6.69437,0
2022-07-11,84108602,"IDEALPRO","USD.CNH",0,6.69364,6.69433,0
2022-07-11,84112195,"IDEALPRO","USD.CNH",0,6.69364,6.69435,0
2022-07-11,84119834,"IDEALPRO","USD.CNH",0,6.69421,6.69482,0
2022-07-11,84120278,"IDEALPRO","USD.CNH",0,6.69404,6.69475,0
2022-07-11,84124989,"IDEALPRO","USD.CNH",0,6.69405,6.69476,0
2022-07-11,84125433,"IDEALPRO","USD.CNH",0,6.69397,6.69468,0
2022-07-11,84126541,"IDEALPRO","USD.CNH",0,6.69391,6.69462,0
2022-07-11,84131805,"IDEALPRO","USD.CNH",0,6.69363,6.69435,0
2022-07-11,84132694,"IDEALPRO","USD.CNH",0,6.69403,6.69475,0
2022-07-11,84136863,"IDEALPRO","USD.CNH",0,6.69401,6.69474,0
2022-07-11,84141849,"IDEALPRO","USD.CNH",0,6.69391,6.69463,0
2022-07-11,84142737,"IDEALPRO","USD.CNH",0,6.69387,6.69455,0
2022-07-11,84143625,"IDEALPRO","USD.CNH",0,6.69387,6.69457,0
2022-07-11,84145914,"IDEALPRO","USD.CNH",0,6.69362,6.69435,0
2022-07-11,84146136,"IDEALPRO","USD.CNH",0,6.69363,6.69435,0
2022-07-11,84150626,"IDEALPRO","USD.CNH",0,6.69363,6.69435,0
2022-07-11,84155323,"IDEALPRO","USD.CNH",0,6.69369,6.69442,0
2022-07-11,84200675,"IDEALPRO","USD.CNH",0,6.69364,6.69437,0
2022-07-11,84202257,"IDEALPRO","USD.CNH",0,6.69363,6.69435,0
2022-07-11,84206251,"IDEALPRO","USD.CNH",0,6.69367,6.69437,0
2022-07-11,84217491,"IDEALPRO","USD.CNH",0,6.69366,6.69435,0
2022-07-11,84218821,"IDEALPRO","USD.CNH",0,6.69432,6.69499,0
2022-07-11,84219526,"IDEALPRO","USD.CNH",0,6.6943,6.69502,0
2022-07-11,84220636,"IDEALPRO","USD.CNH",0,6.69427,6.69499,0
2022-07-11,84226306,"IDEALPRO","USD.CNH",0,6.69417,6.69488,0
2022-07-11,84234877,"IDEALPRO","USD.CNH",0,6.69391,6.69464,0
2022-07-11,84238428,"IDEALPRO","USD.CNH",0,6.69398,6.6947,0
2022-07-11,84240547,"IDEALPRO","USD.CNH",0,6.69399,6.69471,0
2022-07-11,84241729,"IDEALPRO","USD.CNH",0,6.69394,6.69466,0
2022-07-11,84246804,"IDEALPRO","USD.CNH",0,6.69435,6.69508,0
2022-07-11,84247914,"IDEALPRO","USD.CNH",0,6.69445,6.69518,0
2022-07-11,84250617,"IDEALPRO","USD.CNH",0,6.69412,6.69483,0
2022-07-11,84251727,"IDEALPRO","USD.CNH",0,6.69417,6.69482,0
2022-07-11,84254612,"IDEALPRO","USD.CNH",0,6.69406,6.6948,0
2022-07-11,84257763,"IDEALPRO","USD.CNH",0,6.69406,6.69479,0
2022-07-11,84302929,"IDEALPRO","USD.CNH",0,6.69399,6.69471,0
2022-07-11,84303151,"IDEALPRO","USD.CNH",0,6.694,6.69471,0
2022-07-11,84306766,"IDEALPRO","USD.CNH",0,6.694,6.69469,0
2022-07-11,84307876,"IDEALPRO","USD.CNH",0,6.69402,6.69475,0
2022-07-11,84308762,"IDEALPRO","USD.CNH",0,6.6943,6.69503,0
2022-07-11,84309911,"IDEALPRO","USD.CNH",0,6.69429,6.69503,0
2022-07-11,84311243,"IDEALPRO","USD.CNH",0,6.69425,6.69499,0
2022-07-11,84313613,"IDEALPRO","USD.CNH",0,6.69423,6.69497,0
2022-07-11,84314724,"IDEALPRO","USD.CNH",0,6.69414,6.69486,0
2022-07-11,84315611,"IDEALPRO","USD.CNH",0,6.69408,6.69482,0
2022-07-11,84316943,"IDEALPRO","USD.CNH",0,6.69406,6.6948,0
2022-07-11,84317165,"IDEALPRO","USD.CNH",0,6.69412,6.69486,0
2022-07-11,84321421,"IDEALPRO","USD.CNH",0,6.69414,6.69487,0
2022-07-11,84323641,"IDEALPRO","USD.CNH",0,6.69412,6.69486,0
2022-07-11,84338900,"IDEALPRO","USD.CNH",0,6.69467,6.69524,0
2022-07-11,84339826,"IDEALPRO","USD.CNH",0,6.69462,6.69534,0
2022-07-11,84340491,"IDEALPRO","USD.CNH",0,6.69461,6.69525,0
2022-07-11,84344926,"IDEALPRO","USD.CNH",0,6.69463,6.69536,0
2022-07-11,84345593,"IDEALPRO","USD.CNH",0,6.69456,6.69528,0
2022-07-11,84348743,"IDEALPRO","USD.CNH",0,6.69434,6.69507,0
2022-07-11,84351692,"IDEALPRO","USD.CNH",0,6.69403,6.69477,0
2022-07-11,84352359,"IDEALPRO","USD.CNH",0,6.69416,6.69488,0
2022-07-11,84353467,"IDEALPRO","USD.CNH",0,6.69426,6.695,0
2022-07-11,84354577,"IDEALPRO","USD.CNH",0,6.69428,6.69502,0
2022-07-11,84400349,"IDEALPRO","USD.CNH",0,6.69405,6.69478,0
2022-07-11,84401015,"IDEALPRO","USD.CNH",0,6.69398,6.6947,0
2022-07-11,84406860,"IDEALPRO","USD.CNH",0,6.69395,6.69469,0
2022-07-11,84409799,"IDEALPRO","USD.CNH",0,6.69484,6.69553,0
2022-07-11,84410243,"IDEALPRO","USD.CNH",0,6.69476,6.69547,0
2022-07-11,84411797,"IDEALPRO","USD.CNH",0,6.69467,6.69539,0
2022-07-11,84413572,"IDEALPRO","USD.CNH",0,6.6948,6.69552,0
2022-07-11,84414903,"IDEALPRO","USD.CNH",0,6.69476,6.69548,0
2022-07-11,84415792,"IDEALPRO","USD.CNH",0,6.69458,6.6953,0
2022-07-11,84420568,"IDEALPRO","USD.CNH",0,6.69461,6.69534,0
2022-07-11,84424583,"IDEALPRO","USD.CNH",0,6.69463,6.69534,0
2022-07-11,84425692,"IDEALPRO","USD.CNH",0,6.69461,6.69534,0
2022-07-11,84428132,"IDEALPRO","USD.CNH",0,6.69465,6.69538,0
2022-07-11,84431812,"IDEALPRO","USD.CNH",0,6.69463,6.69536,0
2022-07-11,84432920,"IDEALPRO","USD.CNH",0,6.69461,6.69528,0
2022-07-11,84433584,"IDEALPRO","USD.CNH",0,6.69461,6.69529,0
2022-07-11,84435877,"IDEALPRO","USD.CNH",0,6.69449,6.69521,0
2022-07-11,84436764,"IDEALPRO","USD.CNH",0,6.69458,6.69521,0
2022-07-11,84437430,"IDEALPRO","USD.CNH",0,6.69447,6.69521,0
2022-07-11,84438981,"IDEALPRO","USD.CNH",0,6.69462,6.69536,0
2022-07-11,84442866,"IDEALPRO","USD.CNH",0,6.69465,6.6954,0
2022-07-11,84443754,"IDEALPRO","USD.CNH",0,6.69445,6.69518,0
2022-07-11,84447083,"IDEALPRO","USD.CNH",0,6.69465,6.69536,0
2022-07-11,84448859,"IDEALPRO","USD.CNH",0,6.69465,6.69535,0
2022-07-11,84451931,"IDEALPRO","USD.CNH",0,6.69462,6.69533,0
2022-07-11,84452820,"IDEALPRO","USD.CNH",0,6.69451,6.69517,0
2022-07-11,84453043,"IDEALPRO","USD.CNH",0,6.69443,6.69509,0
2022-07-11,84454836,"IDEALPRO","USD.CNH",0,6.69434,6.69499,0
2022-07-11,84456391,"IDEALPRO","USD.CNH",0,6.69432,6.69498,0
2022-07-11,84458388,"IDEALPRO","USD.CNH",0,6.69425,6.69489,0
2022-07-11,84459537,"IDEALPRO","USD.CNH",0,6.69422,6.69486,0
2022-07-11,84501757,"IDEALPRO","USD.CNH",0,6.69396,6.69461,0
2022-07-11,84502201,"IDEALPRO","USD.CNH",0,6.69385,6.6945,0
2022-07-11,84503754,"IDEALPRO","USD.CNH",0,6.69398,6.69464,0
2022-07-11,84504644,"IDEALPRO","USD.CNH",0,6.69396,6.69462,0
2022-07-11,84505753,"IDEALPRO","USD.CNH",0,6.69398,6.69463,0
2022-07-11,84506863,"IDEALPRO","USD.CNH",0,6.69398,6.69464,0
2022-07-11,84514800,"IDEALPRO","USD.CNH",0,6.69404,6.6947,0
2022-07-11,84518930,"IDEALPRO","USD.CNH",0,6.69402,6.69469,0
2022-07-11,84524476,"IDEALPRO","USD.CNH",0,6.69399,6.69465,0
2022-07-11,84527783,"IDEALPRO","USD.CNH",0,6.69401,6.69468,0
2022-07-11,84530031,"IDEALPRO","USD.CNH",0,6.694,6.69466,0
2022-07-11,84531585,"IDEALPRO","USD.CNH",0,6.69397,6.69463,0
2022-07-11,84532916,"IDEALPRO","USD.CNH",0,6.69395,6.69461,0
2022-07-11,84538284,"IDEALPRO","USD.CNH",0,6.6942,6.69485,0
2022-07-11,84539171,"IDEALPRO","USD.CNH",0,6.69414,6.69479,0
2022-07-11,84542981,"IDEALPRO","USD.CNH",0,6.69403,6.69469,0
2022-07-11,84543869,"IDEALPRO","USD.CNH",0,6.69371,6.69436,0
2022-07-11,84544314,"IDEALPRO","USD.CNH",0,6.69327,6.69391,0
2022-07-11,84546533,"IDEALPRO","USD.CNH",0,6.69328,6.69392,0
2022-07-11,84548532,"IDEALPRO","USD.CNH",0,6.69339,6.69403,0
2022-07-11,84549902,"IDEALPRO","USD.CNH",0,6.69338,6.69402,0
2022-07-11,84555848,"IDEALPRO","USD.CNH",0,6.69335,6.694,0
2022-07-11,84557623,"IDEALPRO","USD.CNH",0,6.69373,6.69436,0
2022-07-11,84558510,"IDEALPRO","USD.CNH",0,6.6935,6.69412,0
2022-07-11,84600325,"IDEALPRO","USD.CNH",0,6.69338,6.69401,0
2022-07-11,84602545,"IDEALPRO","USD.CNH",0,6.6935,6.69412,0
2022-07-11,84604985,"IDEALPRO","USD.CNH",0,6.69349,6.69411,0
2022-07-11,84607752,"IDEALPRO","USD.CNH",0,6.69342,6.69406,0
2022-07-11,84611785,"IDEALPRO","USD.CNH",0,6.69384,6.69417,0
2022-07-11,84612896,"IDEALPRO","USD.CNH",0,6.69394,6.69454,0
2022-07-11,84618912,"IDEALPRO","USD.CNH",0,6.69395,6.69455,0
2022-07-11,84620744,"IDEALPRO","USD.CNH",0,6.694,6.69461,0
2022-07-11,84622969,"IDEALPRO","USD.CNH",0,6.69397,6.69457,0
2022-07-11,84627852,"IDEALPRO","USD.CNH",0,6.69393,6.69452,0
2022-07-11,84629364,"IDEALPRO","USD.CNH",0,6.6939,6.69448,0
2022-07-11,84630030,"IDEALPRO","USD.CNH",0,6.69388,6.69448,0
2022-07-11,84633137,"IDEALPRO","USD.CNH",0,6.6939,6.69449,0
2022-07-11,84634913,"IDEALPRO","USD.CNH",0,6.69368,6.69392,0
2022-07-11,84635356,"IDEALPRO","USD.CNH",0,6.69379,6.69435,0
2022-07-11,84639834,"IDEALPRO","USD.CNH",0,6.69381,6.69437,0
2022-07-11,84642053,"IDEALPRO","USD.CNH",0,6.69384,6.69437,0
2022-07-11,84647194,"IDEALPRO","USD.CNH",0,6.69386,6.69438,0
2022-07-11,84651558,"IDEALPRO","USD.CNH",0,6.6938,6.69431,0
2022-07-11,84653942,"IDEALPRO","USD.CNH",0,6.6938,6.69431,0
2022-07-11,84654829,"IDEALPRO","USD.CNH",0,6.69384,6.69435,0
2022-07-11,84655717,"IDEALPRO","USD.CNH",0,6.69392,6.69441,0
2022-07-11,84656826,"IDEALPRO","USD.CNH",0,6.69383,6.69434,0
2022-07-11,84657714,"IDEALPRO","USD.CNH",0,6.69389,6.69438,0
2022-07-11,84658824,"IDEALPRO","USD.CNH",0,6.69381,6.6943,0
2022-07-11,84659752,"IDEALPRO","USD.CNH",0,6.69388,6.69436,0
2022-07-11,84700195,"IDEALPRO","USD.CNH",0,6.69383,6.69432,0
2022-07-11,84701305,"IDEALPRO","USD.CNH",0,6.69376,6.69425,0
2022-07-11,84702859,"IDEALPRO","USD.CNH",0,6.69359,6.69406,0
2022-07-11,84703746,"IDEALPRO","USD.CNH",0,6.69362,6.69409,0
2022-07-11,84704189,"IDEALPRO","USD.CNH",0,6.69356,6.69403,0
2022-07-11,84705966,"IDEALPRO","USD.CNH",0,6.69356,6.69403,0
2022-07-11,84706854,"IDEALPRO","USD.CNH",0,6.69364,6.69411,0
2022-07-11,84707963,"IDEALPRO","USD.CNH",0,6.69357,6.69404,0
2022-07-11,84708185,"IDEALPRO","USD.CNH",0,6.69349,6.69396,0
2022-07-11,84710809,"IDEALPRO","USD.CNH",0,6.69353,6.694,0
2022-07-11,84711697,"IDEALPRO","USD.CNH",0,6.69354,6.694,0
2022-07-11,84712807,"IDEALPRO","USD.CNH",0,6.6935,6.69397,0
2022-07-11,84713473,"IDEALPRO","USD.CNH",0,6.69357,6.69404,0
2022-07-11,84714138,"IDEALPRO","USD.CNH",0,6.69348,6.69395,0
2022-07-11,84715691,"IDEALPRO","USD.CNH",0,6.69353,6.694,0
2022-07-11,84716135,"IDEALPRO","USD.CNH",0,6.6935,6.69397,0
2022-07-11,84717911,"IDEALPRO","USD.CNH",0,6.6935,6.69397,0
2022-07-11,84721938,"IDEALPRO","USD.CNH",0,6.69347,6.69394,0
2022-07-11,84722605,"IDEALPRO","USD.CNH",0,6.69354,6.69399,0
2022-07-11,84723493,"IDEALPRO","USD.CNH",0,6.69379,6.69425,0
2022-07-11,84724825,"IDEALPRO","USD.CNH",0,6.69364,6.69409,0
2022-07-11,84725934,"IDEALPRO","USD.CNH",0,6.69363,6.69407,0
2022-07-11,84726601,"IDEALPRO","USD.CNH",0,6.69364,6.69409,0
2022-07-11,84728031,"IDEALPRO","USD.CNH",0,6.6936,6.69404,0
2022-07-11,84729586,"IDEALPRO","USD.CNH",0,6.69351,6.69397,0
2022-07-11,84730697,"IDEALPRO","USD.CNH",0,6.69361,6.69406,0
2022-07-11,84731584,"IDEALPRO","USD.CNH",0,6.69364,6.6941,0
2022-07-11,84732916,"IDEALPRO","USD.CNH",0,6.6935,6.69396,0
2022-07-11,84734691,"IDEALPRO","USD.CNH",0,6.69348,6.69394,0
2022-07-11,84735579,"IDEALPRO","USD.CNH",0,6.6935,6.69395,0
2022-07-11,84736246,"IDEALPRO","USD.CNH",0,6.69314,6.69353,0
2022-07-11,84738244,"IDEALPRO","USD.CNH",0,6.69317,6.69353,0
2022-07-11,84742721,"IDEALPRO","USD.CNH",0,6.6932,6.69353,0
2022-07-11,84744052,"IDEALPRO","USD.CNH",0,6.6932,6.69353,0
2022-07-11,84746947,"IDEALPRO","USD.CNH",0,6.69319,6.69353,0
2022-07-11,84750501,"IDEALPRO","USD.CNH",0,6.6931,6.69352,0
2022-07-11,84754800,"IDEALPRO","USD.CNH",0,6.69314,6.69353,0
2022-07-11,84756131,"IDEALPRO","USD.CNH",0,6.69314,6.69353,0
2022-07-11,84808288,"IDEALPRO","USD.CNH",0,6.69314,6.69353,0
2022-07-11,84814971,"IDEALPRO","USD.CNH",0,6.6932,6.69353,0
2022-07-11,84815414,"IDEALPRO","USD.CNH",0,6.69344,6.69353,0
2022-07-11,84819999,"IDEALPRO","USD.CNH",0,6.69346,6.69353,0
2022-07-11,84820886,"IDEALPRO","USD.CNH",0,6.69347,6.69353,0
2022-07-11,84821552,"IDEALPRO","USD.CNH",0,6.69336,6.69353,0
2022-07-11,84823658,"IDEALPRO","USD.CNH",0,6.69374,6.69413,0
2022-07-11,84824102,"IDEALPRO","USD.CNH",0,6.69382,6.69419,0
2022-07-11,84825212,"IDEALPRO","USD.CNH",0,6.69383,6.69422,0
2022-07-11,84826101,"IDEALPRO","USD.CNH",0,6.69382,6.69419,0
2022-07-11,84829104,"IDEALPRO","USD.CNH",0,6.69379,6.69417,0
2022-07-11,84830917,"IDEALPRO","USD.CNH",0,6.69364,6.69403,0
2022-07-11,84831804,"IDEALPRO","USD.CNH",0,6.69377,6.69416,0
2022-07-11,84832692,"IDEALPRO","USD.CNH",0,6.69385,6.69424,0
2022-07-11,84834469,"IDEALPRO","USD.CNH",0,6.69359,6.69378,0
2022-07-11,84835800,"IDEALPRO","USD.CNH",0,6.69342,6.69378,0
2022-07-11,84836688,"IDEALPRO","USD.CNH",0,6.69337,6.69378,0
2022-07-11,84837577,"IDEALPRO","USD.CNH",0,6.69336,6.69378,0
2022-07-11,84838927,"IDEALPRO","USD.CNH",0,6.69286,6.69337,0
2022-07-11,84839855,"IDEALPRO","USD.CNH",0,6.69285,6.6933,0
2022-07-11,84840521,"IDEALPRO","USD.CNH",0,6.69289,6.6933,0
2022-07-11,84841409,"IDEALPRO","USD.CNH",0,6.6929,6.6934,0
2022-07-11,84842870,"IDEALPRO","USD.CNH",0,6.69298,6.69346,0
2022-07-11,84843979,"IDEALPRO","USD.CNH",0,6.69304,6.69346,0
2022-07-11,84844200,"IDEALPRO","USD.CNH",0,6.69305,6.69346,0
2022-07-11,84845817,"IDEALPRO","USD.CNH",0,6.69331,6.69374,0
2022-07-11,84846710,"IDEALPRO","USD.CNH",0,6.69311,6.69353,0
2022-07-11,84847149,"IDEALPRO","USD.CNH",0,6.69309,6.69353,0
2022-07-11,84850962,"IDEALPRO","USD.CNH",0,6.69311,6.69356,0
2022-07-11,84851629,"IDEALPRO","USD.CNH",0,6.69329,6.69374,0
2022-07-11,84852739,"IDEALPRO","USD.CNH",0,6.69329,6.69375,0
2022-07-11,84854715,"IDEALPRO","USD.CNH",0,6.69328,6.69375,0
2022-07-11,84855823,"IDEALPRO","USD.CNH",0,6.69323,6.69369,0
2022-07-11,84856270,"IDEALPRO","USD.CNH",0,6.69322,6.69369,0
2022-07-11,84857380,"IDEALPRO","USD.CNH",0,6.69312,6.69361,0
2022-07-11,84858712,"IDEALPRO","USD.CNH",0,6.69311,6.6936,0
2022-07-11,84859877,"IDEALPRO","USD.CNH",0,6.69307,6.69355,0
2022-07-11,84900763,"IDEALPRO","USD.CNH",0,6.69309,6.69359,0
2022-07-11,84901949,"IDEALPRO","USD.CNH",0,6.693,6.6935,0
2022-07-11,84902837,"IDEALPRO","USD.CNH",0,6.69299,6.69349,0
2022-07-11,84904468,"IDEALPRO","USD.CNH",0,6.69295,6.69345,0
2022-07-11,84907933,"IDEALPRO","USD.CNH",0,6.69299,6.69347,0
2022-07-11,84908377,"IDEALPRO","USD.CNH",0,6.69295,6.69343,0
2022-07-11,84909748,"IDEALPRO","USD.CNH",0,6.69298,6.69347,0
2022-07-11,84910858,"IDEALPRO","USD.CNH",0,6.69295,6.69343,0
2022-07-11,84912633,"IDEALPRO","USD.CNH",0,6.69317,6.69365,0
2022-07-11,84913522,"IDEALPRO","USD.CNH",0,6.69294,6.69342,0
2022-07-11,84914409,"IDEALPRO","USD.CNH",0,6.693,6.69349,0
2022-07-11,84916720,"IDEALPRO","USD.CNH",0,6.69295,6.69344,0
2022-07-11,84918459,"IDEALPRO","USD.CNH",0,6.69296,6.69345,0
2022-07-11,84919607,"IDEALPRO","USD.CNH",0,6.69299,6.69348,0
2022-07-11,84920717,"IDEALPRO","USD.CNH",0,6.69295,6.69344,0
2022-07-11,84921161,"IDEALPRO","USD.CNH",0,6.69305,6.69355,0
2022-07-11,84922689,"IDEALPRO","USD.CNH",0,6.69303,6.69353,0
2022-07-11,84923800,"IDEALPRO","USD.CNH",0,6.6932,6.69368,0
2022-07-11,84924910,"IDEALPRO","USD.CNH",0,6.69324,6.69372,0
2022-07-11,84925354,"IDEALPRO","USD.CNH",0,6.69312,6.69362,0
2022-07-11,84926907,"IDEALPRO","USD.CNH",0,6.6931,6.69359,0
2022-07-11,84927795,"IDEALPRO","USD.CNH",0,6.69307,6.69357,0
2022-07-11,84928017,"IDEALPRO","USD.CNH",0,6.69298,6.69348,0
2022-07-11,84930504,"IDEALPRO","USD.CNH",0,6.69301,6.6935,0
2022-07-11,84931170,"IDEALPRO","USD.CNH",0,6.69301,6.6935,0
2022-07-11,84932965,"IDEALPRO","USD.CNH",0,6.69307,6.69358,0
2022-07-11,84933409,"IDEALPRO","USD.CNH",0,6.69297,6.69302,0
2022-07-11,84935850,"IDEALPRO","USD.CNH",0,6.69297,6.69302,0
2022-07-11,84936959,"IDEALPRO","USD.CNH",0,6.69292,6.69343,0
2022-07-11,84938956,"IDEALPRO","USD.CNH",0,6.69291,6.69343,0
2022-07-11,84939440,"IDEALPRO","USD.CNH",0,6.69292,6.69344,0
2022-07-11,84941214,"IDEALPRO","USD.CNH",0,6.69295,6.69348,0
2022-07-11,84942990,"IDEALPRO","USD.CNH",0,6.69322,6.69373,0
2022-07-11,84943655,"IDEALPRO","USD.CNH",0,6.69317,6.69365,0
2022-07-11,84944320,"IDEALPRO","USD.CNH",0,6.6932,6.69368,0
2022-07-11,84945652,"IDEALPRO","USD.CNH",0,6.69319,6.69368,0
2022-07-11,84946983,"IDEALPRO","USD.CNH",0,6.69307,6.69358,0
2022-07-11,84948362,"IDEALPRO","USD.CNH",0,6.69313,6.69362,0
2022-07-11,84950620,"IDEALPRO","USD.CNH",0,6.6932,6.69369,0
2022-07-11,84951064,"IDEALPRO","USD.CNH",0,6.69316,6.69365,0
2022-07-11,84952839,"IDEALPRO","USD.CNH",0,6.69306,6.69357,0
2022-07-11,84953948,"IDEALPRO","USD.CNH",0,6.69306,6.69357,0
2022-07-11,84955058,"IDEALPRO","USD.CNH",0,6.69306,6.69356,0
2022-07-11,84956980,"IDEALPRO","USD.CNH",0,6.69322,6.6937,0
2022-07-11,84957646,"IDEALPRO","USD.CNH",0,6.69347,6.69396,0
2022-07-11,84958984,"IDEALPRO","USD.CNH",0,6.69346,6.69393,0
2022-07-11,85000142,"IDEALPRO","USD.CNH",0,6.6935,6.69393,0
2022-07-11,85005910,"IDEALPRO","USD.CNH",0,6.69351,6.69393,0
2022-07-11,85006576,"IDEALPRO","USD.CNH",0,6.69346,6.69388,0
2022-07-11,85007907,"IDEALPRO","USD.CNH",0,6.69321,6.69368,0
2022-07-11,85008572,"IDEALPRO","USD.CNH",0,6.69301,6.69349,0
2022-07-11,85009943,"IDEALPRO","USD.CNH",0,6.693,6.69349,0
2022-07-11,85012828,"IDEALPRO","USD.CNH",0,6.69301,6.6935,0
2022-07-11,85016823,"IDEALPRO","USD.CNH",0,6.693,6.6935,0
2022-07-11,85017045,"IDEALPRO","USD.CNH",0,6.69307,6.69357,0
2022-07-11,85018154,"IDEALPRO","USD.CNH",0,6.69306,6.69357,0
2022-07-11,85019969,"IDEALPRO","USD.CNH",0,6.69325,6.69374,0
2022-07-11,85020635,"IDEALPRO","USD.CNH",0,6.6932,6.69368,0
2022-07-11,85023963,"IDEALPRO","USD.CNH",0,6.69317,6.69366,0
2022-07-11,85027736,"IDEALPRO","USD.CNH",0,6.69328,6.69376,0
2022-07-11,85030697,"IDEALPRO","USD.CNH",0,6.69319,6.69367,0
2022-07-11,85032251,"IDEALPRO","USD.CNH",0,6.69318,6.69367,0
2022-07-11,85034248,"IDEALPRO","USD.CNH",0,6.69309,6.69359,0
2022-07-11,85036467,"IDEALPRO","USD.CNH",0,6.69321,6.69369,0
2022-07-11,85037800,"IDEALPRO","USD.CNH",0,6.69321,6.6937,0
2022-07-11,85041390,"IDEALPRO","USD.CNH",0,6.69321,6.6937,0
2022-07-11,85042499,"IDEALPRO","USD.CNH",0,6.69321,6.6937,0
2022-07-11,85045828,"IDEALPRO","USD.CNH",0,6.69321,6.69366,0
2022-07-11,85046937,"IDEALPRO","USD.CNH",0,6.69321,6.69368,0
2022-07-11,85050586,"IDEALPRO","USD.CNH",0,6.69319,6.69365,0
2022-07-11,85051695,"IDEALPRO","USD.CNH",0,6.69316,6.69365,0
2022-07-11,85052362,"IDEALPRO","USD.CNH",0,6.69317,6.69365,0
2022-07-11,85054580,"IDEALPRO","USD.CNH",0,6.69309,6.69359,0
2022-07-11,85057684,"IDEALPRO","USD.CNH",0,6.69299,6.69349,0
2022-07-11,85058794,"IDEALPRO","USD.CNH",0,6.69293,6.69343,0
2022-07-11,85101497,"IDEALPRO","USD.CNH",0,6.6929,6.6934,0
2022-07-11,85104825,"IDEALPRO","USD.CNH",0,6.69302,6.69348,0
2022-07-11,85105714,"IDEALPRO","USD.CNH",0,6.69305,6.69348,0
2022-07-11,85106379,"IDEALPRO","USD.CNH",0,6.69298,6.69348,0
2022-07-11,85107046,"IDEALPRO","USD.CNH",0,6.69305,6.69348,0
2022-07-11,85109526,"IDEALPRO","USD.CNH",0,6.69305,6.69355,0
2022-07-11,85112856,"IDEALPRO","USD.CNH",0,6.69305,6.6935,0
2022-07-11,85113744,"IDEALPRO","USD.CNH",0,6.69299,6.6935,0
2022-07-11,85114853,"IDEALPRO","USD.CNH",0,6.69294,6.69344,0
2022-07-11,85115962,"IDEALPRO","USD.CNH",0,6.69287,6.69337,0
2022-07-11,85116851,"IDEALPRO","USD.CNH",0,6.69281,6.69331,0
2022-07-11,85117961,"IDEALPRO","USD.CNH",0,6.69288,6.6933,0
2022-07-11,85118405,"IDEALPRO","USD.CNH",0,6.69285,6.6933,0
2022-07-11,85119333,"IDEALPRO","USD.CNH",0,6.69284,6.69334,0
2022-07-11,85120443,"IDEALPRO","USD.CNH",0,6.69288,6.69334,0
