"InternalDate","Time","Exchange","Symbol","BidPrice2","BidPrice1","AskPrice1","AskPrice2"
2022-07-01,64004814,"IDEALPRO","USD.CNH",0,6.69457,6.69824,0
2022-07-01,64047384,"IDEALPRO","USD.CNH",0,6.69461,6.69823,0
2022-07-01,64054239,"IDEALPRO","USD.CNH",0,6.69434,6.69829,0
2022-07-01,64055999,"IDEALPRO","USD.CNH",0,6.69434,6.69818,0
2022-07-01,64056198,"IDEALPRO","USD.CNH",0,6.6946,6.69824,0
2022-07-01,64157302,"IDEALPRO","USD.CNH",0,6.69433,6.69832,0
2022-07-01,64211527,"IDEALPRO","USD.CNH",0,6.69434,6.69832,0
2022-07-01,64305713,"IDEALPRO","USD.CNH",0,6.69434,6.69832,0
2022-07-01,64317836,"IDEALPRO","USD.CNH",0,6.69435,6.69832,0
2022-07-01,64318037,"IDEALPRO","USD.CNH",0,6.69443,6.69832,0
2022-07-01,64322142,"IDEALPRO","USD.CNH",0,6.69446,6.69832,0
2022-07-01,64334214,"IDEALPRO","USD.CNH",0,6.69434,6.69832,0
2022-07-01,64341075,"IDEALPRO","USD.CNH",0,6.69446,6.69832,0
2022-07-01,64355407,"IDEALPRO","USD.CNH",0,6.69446,6.69829,0
2022-07-01,64356009,"IDEALPRO","USD.CNH",0,6.69446,6.69832,0
2022-07-01,64448955,"IDEALPRO","USD.CNH",0,6.69441,6.69819,0
2022-07-01,64455623,"IDEALPRO","USD.CNH",0,6.69441,6.69829,0
2022-07-01,64456225,"IDEALPRO","USD.CNH",0,6.69441,6.69832,0
2022-07-01,64457832,"IDEALPRO","USD.CNH",0,6.69441,6.69819,0
2022-07-01,64500845,"IDEALPRO","USD.CNH",0,6.69441,6.6981,0
2022-07-01,64501848,"IDEALPRO","USD.CNH",0,6.69435,6.69817,0
2022-07-01,64502852,"IDEALPRO","USD.CNH",0,6.6943,6.6982,0
2022-07-01,64503856,"IDEALPRO","USD.CNH",0,6.6943,6.6981,0
2022-07-01,64507140,"IDEALPRO","USD.CNH",0,6.6943,6.69806,0
2022-07-01,64523938,"IDEALPRO","USD.CNH",0,6.69377,6.69822,0
2022-07-01,64531207,"IDEALPRO","USD.CNH",0,6.69374,6.69822,0
2022-07-01,64546146,"IDEALPRO","USD.CNH",0,6.69375,6.69822,0
2022-07-01,64600649,"IDEALPRO","USD.CNH",0,6.6938,6.69822,0
2022-07-01,64607424,"IDEALPRO","USD.CNH",0,6.69381,6.69822,0
2022-07-01,64623219,"IDEALPRO","USD.CNH",0,6.69384,6.69822,0
2022-07-01,64704032,"IDEALPRO","USD.CNH",0,6.69385,6.69822,0
2022-07-01,64723029,"IDEALPRO","USD.CNH",0,6.69382,6.69817,0
2022-07-01,64735249,"IDEALPRO","USD.CNH",0,6.6935,6.69822,0
2022-07-01,64736051,"IDEALPRO","USD.CNH",0,6.69382,6.69816,0
2022-07-01,64747569,"IDEALPRO","USD.CNH",0,6.69381,6.69812,0
2022-07-01,64759492,"IDEALPRO","USD.CNH",0,6.69385,6.69815,0
2022-07-01,64846892,"IDEALPRO","USD.CNH",0,6.69372,6.69822,0
2022-07-01,64854044,"IDEALPRO","USD.CNH",0,6.69385,6.69815,0
2022-07-01,64932073,"IDEALPRO","USD.CNH",0,6.69396,6.69819,0
2022-07-01,64937283,"IDEALPRO","USD.CNH",0,6.69392,6.69815,0
2022-07-01,64951310,"IDEALPRO","USD.CNH",0,6.69397,6.69817,0
2022-07-01,65001932,"IDEALPRO","USD.CNH",0,6.69397,6.69816,0
2022-07-01,65013253,"IDEALPRO","USD.CNH",0,6.69382,6.69813,0
2022-07-01,65037403,"IDEALPRO","USD.CNH",0,6.69383,6.698,0
2022-07-01,65044559,"IDEALPRO","USD.CNH",0,6.69384,6.69813,0
2022-07-01,65139427,"IDEALPRO","USD.CNH",0,6.69384,6.69812,0
2022-07-01,65201666,"IDEALPRO","USD.CNH",0,6.69369,6.69822,0
2022-07-01,65221603,"IDEALPRO","USD.CNH",0,6.6937,6.69822,0
2022-07-01,65223507,"IDEALPRO","USD.CNH",0,6.69354,6.69822,0
2022-07-01,65245954,"IDEALPRO","USD.CNH",0,6.6938,6.69822,0
2022-07-01,65249161,"IDEALPRO","USD.CNH",0,6.69379,6.69822,0
2022-07-01,65251964,"IDEALPRO","USD.CNH",0,6.69396,6.69809,0
2022-07-01,65252566,"IDEALPRO","USD.CNH",0,6.69427,6.69812,0
2022-07-01,65255312,"IDEALPRO","USD.CNH",0,6.69431,6.69812,0
2022-07-01,65302379,"IDEALPRO","USD.CNH",0,6.69434,6.69812,0
2022-07-01,65319807,"IDEALPRO","USD.CNH",0,6.69437,6.69812,0
2022-07-01,65322111,"IDEALPRO","USD.CNH",0,6.69431,6.69812,0
2022-07-01,65325115,"IDEALPRO","USD.CNH",0,6.69427,6.69812,0
2022-07-01,65329923,"IDEALPRO","USD.CNH",0,6.69426,6.69812,0
2022-07-01,65331325,"IDEALPRO","USD.CNH",0,6.69437,6.69812,0
2022-07-01,65345747,"IDEALPRO","USD.CNH",0,6.69426,6.69812,0
2022-07-01,65402179,"IDEALPRO","USD.CNH",0,6.69441,6.69812,0
2022-07-01,65405617,"IDEALPRO","USD.CNH",0,6.6944,6.69812,0
2022-07-01,65429724,"IDEALPRO","USD.CNH",0,6.69443,6.69812,0
2022-07-01,65452265,"IDEALPRO","USD.CNH",0,6.69441,6.69812,0
2022-07-01,65455269,"IDEALPRO","USD.CNH",0,6.69437,6.69812,0
2022-07-01,65500877,"IDEALPRO","USD.CNH",0,6.6944,6.69812,0
2022-07-01,65509189,"IDEALPRO","USD.CNH",0,6.69444,6.69812,0
2022-07-01,65519507,"IDEALPRO","USD.CNH",0,6.69449,6.69812,0
2022-07-01,65540149,"IDEALPRO","USD.CNH",0,6.69452,6.69812,0
2022-07-01,65550969,"IDEALPRO","USD.CNH",0,6.69452,6.69821,0
2022-07-01,65551971,"IDEALPRO","USD.CNH",0,6.69452,6.69814,0
2022-07-01,65559384,"IDEALPRO","USD.CNH",0,6.69455,6.69814,0
2022-07-01,65610003,"IDEALPRO","USD.CNH",0,6.69428,6.69814,0
2022-07-01,65620425,"IDEALPRO","USD.CNH",0,6.69429,6.69814,0
2022-07-01,65638759,"IDEALPRO","USD.CNH",0,6.69429,6.69806,0
2022-07-01,65639259,"IDEALPRO","USD.CNH",0,6.69429,6.69814,0
2022-07-01,65650680,"IDEALPRO","USD.CNH",0,6.69432,6.69814,0
2022-07-01,65707417,"IDEALPRO","USD.CNH",0,6.69431,6.69814,0
2022-07-01,65743225,"IDEALPRO","USD.CNH",0,6.69432,6.69814,0
2022-07-01,65812056,"IDEALPRO","USD.CNH",0,6.69431,6.69814,0
2022-07-01,65825681,"IDEALPRO","USD.CNH",0,6.69424,6.69814,0
2022-07-01,65830892,"IDEALPRO","USD.CNH",0,6.69505,6.69809,0
2022-07-01,65831495,"IDEALPRO","USD.CNH",0,6.69525,6.69837,0
2022-07-01,65834903,"IDEALPRO","USD.CNH",0,6.6952,6.69837,0
2022-07-01,65838007,"IDEALPRO","USD.CNH",0,6.69523,6.69837,0
2022-07-01,65841617,"IDEALPRO","USD.CNH",0,6.69525,6.69837,0
2022-07-01,65845623,"IDEALPRO","USD.CNH",0,6.69528,6.69837,0
2022-07-01,65854039,"IDEALPRO","USD.CNH",0,6.69533,6.69837,0
2022-07-01,65858143,"IDEALPRO","USD.CNH",0,6.69535,6.69837,0
2022-07-01,65900950,"IDEALPRO","USD.CNH",0,6.69614,6.69862,0
2022-07-01,65902957,"IDEALPRO","USD.CNH",0,6.69614,6.69862,0
2022-07-01,65906460,"IDEALPRO","USD.CNH",0,6.69621,6.69858,0
2022-07-01,65916579,"IDEALPRO","USD.CNH",0,6.69615,6.69862,0
2022-07-01,65917480,"IDEALPRO","USD.CNH",0,6.69617,6.69862,0
2022-07-01,65919886,"IDEALPRO","USD.CNH",0,6.6962,6.69862,0
2022-07-01,65923096,"IDEALPRO","USD.CNH",0,6.69623,6.69862,0
2022-07-01,65926296,"IDEALPRO","USD.CNH",0,6.69623,6.69858,0
2022-07-01,65929700,"IDEALPRO","USD.CNH",0,6.69628,6.69858,0
2022-07-01,65930703,"IDEALPRO","USD.CNH",0,6.69675,6.69754,0
2022-07-01,65931907,"IDEALPRO","USD.CNH",0,6.69568,6.6984,0
2022-07-01,65932711,"IDEALPRO","USD.CNH",0,6.6956,6.6984,0
2022-07-01,65944771,"IDEALPRO","USD.CNH",0,6.69402,6.69825,0
2022-07-01,65946379,"IDEALPRO","USD.CNH",0,6.69402,6.69819,0
2022-07-01,65950438,"IDEALPRO","USD.CNH",0,6.69402,6.69825,0
2022-07-01,65953646,"IDEALPRO","USD.CNH",0,6.69402,6.69822,0
2022-07-01,70000355,"IDEALPRO","USD.CNH",0,6.69402,6.69825,0
2022-07-01,70003766,"IDEALPRO","USD.CNH",0,6.69402,6.69829,0
2022-07-01,70004408,"IDEALPRO","USD.CNH",0,6.69402,6.69822,0
2022-07-01,70007461,"IDEALPRO","USD.CNH",0,6.69485,6.69777,0
2022-07-01,70024341,"IDEALPRO","USD.CNH",0,6.69384,6.69695,0
2022-07-01,70028112,"IDEALPRO","USD.CNH",0,6.69383,6.69695,0
2022-07-01,70029309,"IDEALPRO","USD.CNH",0,6.69331,6.69611,0
2022-07-01,70030610,"IDEALPRO","USD.CNH",0,6.69331,6.69592,0
2022-07-01,70032417,"IDEALPRO","USD.CNH",0,6.69327,6.69592,0
2022-07-01,70036824,"IDEALPRO","USD.CNH",0,6.69329,6.69592,0
2022-07-01,70042336,"IDEALPRO","USD.CNH",0,6.69332,6.69592,0
2022-07-01,70052157,"IDEALPRO","USD.CNH",0,6.69334,6.69592,0
2022-07-01,70058264,"IDEALPRO","USD.CNH",0,6.69337,6.69592,0
2022-07-01,70104217,"IDEALPRO","USD.CNH",0,6.6934,6.69592,0
2022-07-01,70107027,"IDEALPRO","USD.CNH",0,6.69342,6.69592,0
2022-07-01,70114437,"IDEALPRO","USD.CNH",0,6.69346,6.69592,0
2022-07-01,70124079,"IDEALPRO","USD.CNH",0,6.69349,6.69592,0
2022-07-01,70130546,"IDEALPRO","USD.CNH",0,6.69349,6.69588,0
2022-07-01,70131149,"IDEALPRO","USD.CNH",0,6.69357,6.69588,0
2022-07-01,70146264,"IDEALPRO","USD.CNH",0,6.69359,6.69588,0
2022-07-01,70155225,"IDEALPRO","USD.CNH",0,6.69362,6.69588,0
2022-07-01,70201489,"IDEALPRO","USD.CNH",0,6.69368,6.69588,0
2022-07-01,70217319,"IDEALPRO","USD.CNH",0,6.69369,6.69588,0
2022-07-01,70239863,"IDEALPRO","USD.CNH",0,6.69371,6.69588,0
2022-07-01,70248582,"IDEALPRO","USD.CNH",0,6.69377,6.69588,0
2022-07-01,70251082,"IDEALPRO","USD.CNH",0,6.69385,6.69588,0
2022-07-01,70510645,"IDEALPRO","USD.CNH",0,6.69459,6.69588,0
2022-07-01,70514704,"IDEALPRO","USD.CNH",0,6.69463,6.69588,0
2022-07-01,70518544,"IDEALPRO","USD.CNH",0,6.69465,6.69588,0
2022-07-01,70523453,"IDEALPRO","USD.CNH",0,6.69468,6.69588,0
2022-07-01,70527760,"IDEALPRO","USD.CNH",0,6.69469,6.69588,0
2022-07-01,70537374,"IDEALPRO","USD.CNH",0,6.6947,6.69588,0
2022-07-01,70543297,"IDEALPRO","USD.CNH",0,6.69475,6.69588,0
2022-07-01,70555152,"IDEALPRO","USD.CNH",0,6.69477,6.69588,0
2022-07-01,70556758,"IDEALPRO","USD.CNH",0,6.69479,6.69588,0
2022-07-01,70604231,"IDEALPRO","USD.CNH",0,6.69482,6.69588,0
2022-07-01,70616192,"IDEALPRO","USD.CNH",0,6.69484,6.69588,0
2022-07-01,70618552,"IDEALPRO","USD.CNH",0,6.69485,6.69588,0
2022-07-01,70627325,"IDEALPRO","USD.CNH",0,6.69482,6.69588,0
2022-07-01,70633682,"IDEALPRO","USD.CNH",0,6.69484,6.69588,0
2022-07-01,70644543,"IDEALPRO","USD.CNH",0,6.69494,6.69588,0
2022-07-01,70645348,"IDEALPRO","USD.CNH",0,6.69487,6.69588,0
2022-07-01,70654880,"IDEALPRO","USD.CNH",0,6.69488,6.69588,0
2022-07-01,70704818,"IDEALPRO","USD.CNH",0,6.69497,6.69588,0
2022-07-01,70705621,"IDEALPRO","USD.CNH",0,6.6949,6.69588,0
2022-07-01,70714405,"IDEALPRO","USD.CNH",0,6.69491,6.69588,0
2022-07-01,70724526,"IDEALPRO","USD.CNH",0,6.69499,6.69588,0
2022-07-01,70728193,"IDEALPRO","USD.CNH",0,6.69494,6.69588,0
2022-07-01,70729397,"IDEALPRO","USD.CNH",0,6.69495,6.69588,0
2022-07-01,70735249,"IDEALPRO","USD.CNH",0,6.69502,6.69588,0
2022-07-01,70740120,"IDEALPRO","USD.CNH",0,6.69497,6.69588,0
2022-07-01,70744364,"IDEALPRO","USD.CNH",0,6.69496,6.69588,0
2022-07-01,70836532,"IDEALPRO","USD.CNH",0,6.69497,6.69588,0
2022-07-01,70910700,"IDEALPRO","USD.CNH",0,6.69424,6.69577,0
2022-07-01,70911302,"IDEALPRO","USD.CNH",0,6.69418,6.69578,0
2022-07-01,70913908,"IDEALPRO","USD.CNH",0,6.69502,6.69588,0
2022-07-01,70919115,"IDEALPRO","USD.CNH",0,6.69503,6.69588,0
2022-07-01,70940162,"IDEALPRO","USD.CNH",0,6.69504,6.69588,0
2022-07-01,71108749,"IDEALPRO","USD.CNH",0,6.69504,6.69594,0
2022-07-01,71255603,"IDEALPRO","USD.CNH",0,6.69595,6.696,0
2022-07-01,71433828,"IDEALPRO","USD.CNH",0,6.69595,6.69688,0
2022-07-01,71633630,"IDEALPRO","USD.CNH",0,6.69595,6.69683,0
2022-07-01,72533619,"IDEALPRO","USD.CNH",0,6.69595,6.69688,0
2022-07-01,72700398,"IDEALPRO","USD.CNH",0,6.69595,6.69686,0
2022-07-01,73500188,"IDEALPRO","USD.CNH",0,6.69595,6.69692,0
2022-07-01,74021912,"IDEALPRO","USD.CNH",0,6.69544,6.69692,0
2022-07-01,74300807,"IDEALPRO","USD.CNH",0,6.69546,6.69716,0
2022-07-01,74301208,"IDEALPRO","USD.CNH",0,6.69655,6.69838,0
2022-07-01,74302613,"IDEALPRO","USD.CNH",0,6.69654,6.69839,0
2022-07-01,74303512,"IDEALPRO","USD.CNH",0,6.69649,6.69834,0
2022-07-01,74306922,"IDEALPRO","USD.CNH",0,6.6968,6.69841,0
2022-07-01,74310226,"IDEALPRO","USD.CNH",0,6.69682,6.69841,0
2022-07-01,74337376,"IDEALPRO","USD.CNH",0,6.69684,6.69841,0
2022-07-01,74338680,"IDEALPRO","USD.CNH",0,6.69676,6.69841,0
2022-07-01,74404627,"IDEALPRO","USD.CNH",0,6.69687,6.69842,0
2022-07-01,74405068,"IDEALPRO","USD.CNH",0,6.69678,6.69842,0
2022-07-01,74422159,"IDEALPRO","USD.CNH",0,6.69679,6.69842,0
2022-07-01,74509752,"IDEALPRO","USD.CNH",0,6.6968,6.69842,0
2022-07-01,74514909,"IDEALPRO","USD.CNH",0,6.69714,6.69842,0
2022-07-01,74525083,"IDEALPRO","USD.CNH",0,6.69715,6.69842,0
2022-07-01,74534618,"IDEALPRO","USD.CNH",0,6.69723,6.69842,0
2022-07-01,74535661,"IDEALPRO","USD.CNH",0,6.69725,6.69844,0
2022-07-01,74540114,"IDEALPRO","USD.CNH",0,6.6972,6.69844,0
2022-07-01,74543024,"IDEALPRO","USD.CNH",0,6.69709,6.69844,0
2022-07-01,74557048,"IDEALPRO","USD.CNH",0,6.69708,6.69844,0
2022-07-01,74604918,"IDEALPRO","USD.CNH",0,6.69718,6.69844,0
2022-07-01,74615483,"IDEALPRO","USD.CNH",0,6.6972,6.69844,0
2022-07-01,74623001,"IDEALPRO","USD.CNH",0,6.69679,6.69825,0
2022-07-01,74629912,"IDEALPRO","USD.CNH",0,6.69677,6.69828,0
2022-07-01,74643138,"IDEALPRO","USD.CNH",0,6.69675,6.69831,0
2022-07-01,74700879,"IDEALPRO","USD.CNH",0,6.69504,6.69796,0
2022-07-01,74701883,"IDEALPRO","USD.CNH",0,6.69504,6.69802,0
2022-07-01,74702888,"IDEALPRO","USD.CNH",0,6.69505,6.69802,0
2022-07-01,74703892,"IDEALPRO","USD.CNH",0,6.69504,6.69802,0
2022-07-01,74708798,"IDEALPRO","USD.CNH",0,6.69504,6.69802,0
2022-07-01,74709000,"IDEALPRO","USD.CNH",0,6.69504,6.69798,0
2022-07-01,74712614,"IDEALPRO","USD.CNH",0,6.69504,6.69796,0
2022-07-01,74718562,"IDEALPRO","USD.CNH",0,6.69509,6.69798,0
2022-07-01,74724663,"IDEALPRO","USD.CNH",0,6.69509,6.69795,0
2022-07-01,74729433,"IDEALPRO","USD.CNH",0,6.69509,6.69798,0
2022-07-01,74736847,"IDEALPRO","USD.CNH",0,6.69509,6.69802,0
2022-07-01,74738751,"IDEALPRO","USD.CNH",0,6.69509,6.69831,0
2022-07-01,74740560,"IDEALPRO","USD.CNH",0,6.69509,6.69831,0
2022-07-01,74755032,"IDEALPRO","USD.CNH",0,6.6964,6.69846,0
2022-07-01,74756237,"IDEALPRO","USD.CNH",0,6.6964,6.69847,0
2022-07-01,74757644,"IDEALPRO","USD.CNH",0,6.69642,6.69847,0
2022-07-01,74800455,"IDEALPRO","USD.CNH",0,6.69627,6.69847,0
2022-07-01,74804307,"IDEALPRO","USD.CNH",0,6.69623,6.69847,0
2022-07-01,74806234,"IDEALPRO","USD.CNH",0,6.69625,6.69847,0
2022-07-01,74813264,"IDEALPRO","USD.CNH",0,6.69628,6.69847,0
2022-07-01,74817320,"IDEALPRO","USD.CNH",0,6.69622,6.69847,0
2022-07-01,74822143,"IDEALPRO","USD.CNH",0,6.69618,6.69847,0
2022-07-01,74828154,"IDEALPRO","USD.CNH",0,6.69617,6.69842,0
2022-07-01,74833265,"IDEALPRO","USD.CNH",0,6.69619,6.69842,0
2022-07-01,74843482,"IDEALPRO","USD.CNH",0,6.69621,6.69842,0
2022-07-01,74854103,"IDEALPRO","USD.CNH",0,6.69623,6.69842,0
2022-07-01,74923059,"IDEALPRO","USD.CNH",0,6.69627,6.69842,0
2022-07-01,74928171,"IDEALPRO","USD.CNH",0,6.69627,6.69837,0
2022-07-01,74945304,"IDEALPRO","USD.CNH",0,6.6963,6.69837,0
2022-07-01,75003511,"IDEALPRO","USD.CNH",0,6.69635,6.69837,0
2022-07-01,75005975,"IDEALPRO","USD.CNH",0,6.6964,6.69837,0
2022-07-01,75010257,"IDEALPRO","USD.CNH",0,6.69637,6.69837,0
2022-07-01,75014709,"IDEALPRO","USD.CNH",0,6.69635,6.69852,0
2022-07-01,75015714,"IDEALPRO","USD.CNH",0,6.69635,6.69846,0
2022-07-01,75016517,"IDEALPRO","USD.CNH",0,6.69631,6.69848,0
2022-07-01,75024286,"IDEALPRO","USD.CNH",0,6.69633,6.69848,0
2022-07-01,75111381,"IDEALPRO","USD.CNH",0,6.69635,6.69848,0
2022-07-01,75200430,"IDEALPRO","USD.CNH",0,6.69632,6.69844,0
2022-07-01,75214739,"IDEALPRO","USD.CNH",0,6.69632,6.69841,0
2022-07-01,75224861,"IDEALPRO","USD.CNH",0,6.69645,6.69845,0
2022-07-01,75225262,"IDEALPRO","USD.CNH",0,6.69645,6.69846,0
2022-07-01,75244800,"IDEALPRO","USD.CNH",0,6.69655,6.69846,0
2022-07-01,75245661,"IDEALPRO","USD.CNH",0,6.69655,6.69848,0
2022-07-01,75247467,"IDEALPRO","USD.CNH",0,6.69655,6.69857,0
2022-07-01,75249170,"IDEALPRO","USD.CNH",0,6.69661,6.69857,0
2022-07-01,75257282,"IDEALPRO","USD.CNH",0,6.69658,6.69857,0
2022-07-01,75312212,"IDEALPRO","USD.CNH",0,6.69658,6.69857,0
2022-07-01,75316462,"IDEALPRO","USD.CNH",0,6.69658,6.69852,0
2022-07-01,75326338,"IDEALPRO","USD.CNH",0,6.69658,6.69857,0
2022-07-01,75332952,"IDEALPRO","USD.CNH",0,6.69658,6.69852,0
2022-07-01,75340768,"IDEALPRO","USD.CNH",0,6.69665,6.69852,0
2022-07-01,75345982,"IDEALPRO","USD.CNH",0,6.69662,6.69852,0
2022-07-01,75352998,"IDEALPRO","USD.CNH",0,6.69662,6.69855,0
2022-07-01,75353802,"IDEALPRO","USD.CNH",0,6.69662,6.6985,0
2022-07-01,75405519,"IDEALPRO","USD.CNH",0,6.69662,6.6984,0
2022-07-01,75444107,"IDEALPRO","USD.CNH",0,6.69657,6.6984,0
2022-07-01,75505580,"IDEALPRO","USD.CNH",0,6.69657,6.69841,0
2022-07-01,75543016,"IDEALPRO","USD.CNH",0,6.69654,6.69837,0
2022-07-01,75546726,"IDEALPRO","USD.CNH",0,6.69654,6.69834,0
2022-07-01,75629908,"IDEALPRO","USD.CNH",0,6.69657,6.69834,0
2022-07-01,75633316,"IDEALPRO","USD.CNH",0,6.69669,6.69834,0
2022-07-01,75634719,"IDEALPRO","USD.CNH",0,6.69669,6.69841,0
2022-07-01,75638324,"IDEALPRO","USD.CNH",0,6.6967,6.69851,0
2022-07-01,75643237,"IDEALPRO","USD.CNH",0,6.69675,6.69856,0
2022-07-01,75653459,"IDEALPRO","USD.CNH",0,6.6967,6.6985,0
2022-07-01,75704182,"IDEALPRO","USD.CNH",0,6.69673,6.69852,0
2022-07-01,75724673,"IDEALPRO","USD.CNH",0,6.69667,6.69844,0
2022-07-01,75743459,"IDEALPRO","USD.CNH",0,6.69668,6.69841,0
2022-07-01,75905080,"IDEALPRO","USD.CNH",0,6.69665,6.69836,0
2022-07-01,75908832,"IDEALPRO","USD.CNH",0,6.69666,6.69837,0
2022-07-01,75910037,"IDEALPRO","USD.CNH",0,6.69671,6.69841,0
2022-07-01,75911645,"IDEALPRO","USD.CNH",0,6.69682,6.69854,0
2022-07-01,75912851,"IDEALPRO","USD.CNH",0,6.69706,6.69858,0
2022-07-01,75913855,"IDEALPRO","USD.CNH",0,6.69739,6.69866,0
2022-07-01,75914898,"IDEALPRO","USD.CNH",0,6.69768,6.69875,0
2022-07-01,75915945,"IDEALPRO","USD.CNH",0,6.69762,6.69868,0
2022-07-01,75916948,"IDEALPRO","USD.CNH",0,6.69766,6.69861,0
2022-07-01,75917953,"IDEALPRO","USD.CNH",0,6.69775,6.69861,0
2022-07-01,75918950,"IDEALPRO","USD.CNH",0,6.69779,6.69864,0
2022-07-01,75919853,"IDEALPRO","USD.CNH",0,6.69786,6.69863,0
2022-07-01,75920456,"IDEALPRO","USD.CNH",0,6.69793,6.69866,0
2022-07-01,75921862,"IDEALPRO","USD.CNH",0,6.69794,6.69867,0
2022-07-01,75922263,"IDEALPRO","USD.CNH",0,6.69794,6.69864,0
2022-07-01,75923267,"IDEALPRO","USD.CNH",0,6.69794,6.69863,0
2022-07-01,75925866,"IDEALPRO","USD.CNH",0,6.69786,6.69882,0
2022-07-01,75926268,"IDEALPRO","USD.CNH",0,6.69784,6.69875,0
2022-07-01,75927271,"IDEALPRO","USD.CNH",0,6.69784,6.69875,0
2022-07-01,75930778,"IDEALPRO","USD.CNH",0,6.69784,6.69868,0
2022-07-01,75933381,"IDEALPRO","USD.CNH",0,6.69783,6.69868,0
2022-07-01,75946654,"IDEALPRO","USD.CNH",0,6.69774,6.6987,0
2022-07-01,75947860,"IDEALPRO","USD.CNH",0,6.69782,6.69872,0
2022-07-01,75948914,"IDEALPRO","USD.CNH",0,6.69783,6.69869,0
2022-07-01,75949516,"IDEALPRO","USD.CNH",0,6.69785,6.69869,0
2022-07-01,75950416,"IDEALPRO","USD.CNH",0,6.69785,6.69866,0
2022-07-01,75951020,"IDEALPRO","USD.CNH",0,6.69785,6.69865,0
2022-07-01,75954033,"IDEALPRO","USD.CNH",0,6.69785,6.69861,0
2022-07-01,75958938,"IDEALPRO","USD.CNH",0,6.69776,6.69861,0
2022-07-01,75959943,"IDEALPRO","USD.CNH",0,6.69768,6.69865,0
2022-07-01,80000946,"IDEALPRO","USD.CNH",0,6.69792,6.69841,0
2022-07-01,80001750,"IDEALPRO","USD.CNH",0,6.69795,6.69844,0
2022-07-01,80002351,"IDEALPRO","USD.CNH",0,6.69792,6.69841,0
2022-07-01,80003960,"IDEALPRO","USD.CNH",0,6.69797,6.69851,0
2022-07-01,80004562,"IDEALPRO","USD.CNH",0,6.69797,6.69853,0
2022-07-01,80005620,"IDEALPRO","USD.CNH",0,6.6979,6.69846,0
2022-07-01,80006825,"IDEALPRO","USD.CNH",0,6.6979,6.69846,0
2022-07-01,80007628,"IDEALPRO","USD.CNH",0,6.69797,6.69853,0
2022-07-01,80017923,"IDEALPRO","USD.CNH",0,6.69797,6.69853,0
2022-07-01,80018928,"IDEALPRO","USD.CNH",0,6.69798,6.69831,0
2022-07-01,80019731,"IDEALPRO","USD.CNH",0,6.69791,6.69847,0
2022-07-01,80020134,"IDEALPRO","USD.CNH",0,6.69787,6.69842,0
2022-07-01,80021941,"IDEALPRO","USD.CNH",0,6.69785,6.69839,0
2022-07-01,80025996,"IDEALPRO","USD.CNH",0,6.69775,6.69829,0
2022-07-01,80026197,"IDEALPRO","USD.CNH",0,6.69768,6.69822,0
2022-07-01,80028206,"IDEALPRO","USD.CNH",0,6.69763,6.69819,0
2022-07-01,80041303,"IDEALPRO","USD.CNH",0,6.69768,6.69822,0
2022-07-01,80048769,"IDEALPRO","USD.CNH",0,6.69763,6.69819,0
2022-07-01,80056507,"IDEALPRO","USD.CNH",0,6.69769,6.69823,0
2022-07-01,80103132,"IDEALPRO","USD.CNH",0,6.69767,6.69819,0
2022-07-01,80104995,"IDEALPRO","USD.CNH",0,6.69769,6.69823,0
2022-07-01,80106600,"IDEALPRO","USD.CNH",0,6.69773,6.69827,0
2022-07-01,80107804,"IDEALPRO","USD.CNH",0,6.69786,6.69828,0
2022-07-01,80108006,"IDEALPRO","USD.CNH",0,6.69775,6.69828,0
2022-07-01,80111620,"IDEALPRO","USD.CNH",0,6.69778,6.69832,0
2022-07-01,80112423,"IDEALPRO","USD.CNH",0,6.69778,6.69853,0
2022-07-01,80114432,"IDEALPRO","USD.CNH",0,6.69779,6.69853,0
2022-07-01,80117686,"IDEALPRO","USD.CNH",0,6.69779,6.69849,0
2022-07-01,80119091,"IDEALPRO","USD.CNH",0,6.69781,6.69849,0
2022-07-01,80120297,"IDEALPRO","USD.CNH",0,6.69781,6.69852,0
2022-07-01,80121702,"IDEALPRO","USD.CNH",0,6.69789,6.69861,0
2022-07-01,80122505,"IDEALPRO","USD.CNH",0,6.69798,6.69861,0
2022-07-01,80123712,"IDEALPRO","USD.CNH",0,6.698,6.69868,0
2022-07-01,80125828,"IDEALPRO","USD.CNH",0,6.69845,6.69917,0
2022-07-01,80126630,"IDEALPRO","USD.CNH",0,6.69863,6.69937,0
2022-07-01,80127031,"IDEALPRO","USD.CNH",0,6.69857,6.69931,0
2022-07-01,80133859,"IDEALPRO","USD.CNH",0,6.69856,6.69935,0
2022-07-01,80136593,"IDEALPRO","USD.CNH",0,6.69852,6.69921,0
2022-07-01,80140209,"IDEALPRO","USD.CNH",0,6.69847,6.69921,0
2022-07-01,80141213,"IDEALPRO","USD.CNH",0,6.69852,6.69921,0
2022-07-01,80149288,"IDEALPRO","USD.CNH",0,6.69852,6.69924,0
2022-07-01,80152301,"IDEALPRO","USD.CNH",0,6.69852,6.69921,0
2022-07-01,80154750,"IDEALPRO","USD.CNH",0,6.69824,6.69892,0
2022-07-01,80155956,"IDEALPRO","USD.CNH",0,6.69823,6.69899,0
2022-07-01,80156358,"IDEALPRO","USD.CNH",0,6.69821,6.69901,0
2022-07-01,80157763,"IDEALPRO","USD.CNH",0,6.69837,6.69921,0
2022-07-01,80158768,"IDEALPRO","USD.CNH",0,6.69837,6.69922,0
2022-07-01,80159772,"IDEALPRO","USD.CNH",0,6.69837,6.69922,0
2022-07-01,80200976,"IDEALPRO","USD.CNH",0,6.69837,6.69922,0
2022-07-01,80201982,"IDEALPRO","USD.CNH",0,6.69825,6.69904,0
2022-07-01,80202384,"IDEALPRO","USD.CNH",0,6.69825,6.69903,0
2022-07-01,80207259,"IDEALPRO","USD.CNH",0,6.6982,6.69907,0
2022-07-01,80208865,"IDEALPRO","USD.CNH",0,6.69823,6.69903,0
2022-07-01,80210874,"IDEALPRO","USD.CNH",0,6.69819,6.69903,0
2022-07-01,80211276,"IDEALPRO","USD.CNH",0,6.69805,6.69887,0
2022-07-01,80212279,"IDEALPRO","USD.CNH",0,6.69803,6.69887,0
2022-07-01,80214729,"IDEALPRO","USD.CNH",0,6.69809,6.69892,0
2022-07-01,80223851,"IDEALPRO","USD.CNH",0,6.69809,6.6989,0
2022-07-01,80226903,"IDEALPRO","USD.CNH",0,6.69806,6.69891,0
2022-07-01,80227104,"IDEALPRO","USD.CNH",0,6.69806,6.69889,0
2022-07-01,80229114,"IDEALPRO","USD.CNH",0,6.69805,6.69889,0
2022-07-01,80231966,"IDEALPRO","USD.CNH",0,6.69805,6.69871,0
2022-07-01,80232970,"IDEALPRO","USD.CNH",0,6.69805,6.69891,0
2022-07-01,80233171,"IDEALPRO","USD.CNH",0,6.69805,6.69891,0
2022-07-01,80249552,"IDEALPRO","USD.CNH",0,6.69805,6.69889,0
2022-07-01,80250153,"IDEALPRO","USD.CNH",0,6.69805,6.6989,0
2022-07-01,80252363,"IDEALPRO","USD.CNH",0,6.69804,6.6989,0
2022-07-01,80256419,"IDEALPRO","USD.CNH",0,6.69804,6.69889,0
2022-07-01,80257022,"IDEALPRO","USD.CNH",0,6.69796,6.69889,0
2022-07-01,80301129,"IDEALPRO","USD.CNH",0,6.69802,6.69889,0
2022-07-01,80309620,"IDEALPRO","USD.CNH",0,6.69802,6.69889,0
2022-07-01,80314857,"IDEALPRO","USD.CNH",0,6.69804,6.69889,0
2022-07-01,80315098,"IDEALPRO","USD.CNH",0,6.69804,6.69889,0
2022-07-01,80321268,"IDEALPRO","USD.CNH",0,6.69797,6.69889,0
2022-07-01,80323673,"IDEALPRO","USD.CNH",0,6.69797,6.69888,0
2022-07-01,80325923,"IDEALPRO","USD.CNH",0,6.69785,6.6984,0
2022-07-01,80326926,"IDEALPRO","USD.CNH",0,6.69771,6.69834,0
2022-07-01,80341464,"IDEALPRO","USD.CNH",0,6.69773,6.69836,0
2022-07-01,80342468,"IDEALPRO","USD.CNH",0,6.69777,6.6984,0
2022-07-01,80344948,"IDEALPRO","USD.CNH",0,6.69792,6.6984,0
2022-07-01,80345550,"IDEALPRO","USD.CNH",0,6.69777,6.6984,0
2022-07-01,80346554,"IDEALPRO","USD.CNH",0,6.69777,6.6984,0
2022-07-01,80357334,"IDEALPRO","USD.CNH",0,6.6978,6.69837,0
2022-07-01,80358740,"IDEALPRO","USD.CNH",0,6.69803,6.69857,0
2022-07-01,80359542,"IDEALPRO","USD.CNH",0,6.69801,6.69856,0
2022-07-01,80403761,"IDEALPRO","USD.CNH",0,6.69801,6.69856,0
2022-07-01,80404364,"IDEALPRO","USD.CNH",0,6.69804,6.69858,0
2022-07-01,80405823,"IDEALPRO","USD.CNH",0,6.69808,6.69862,0
2022-07-01,80406426,"IDEALPRO","USD.CNH",0,6.69804,6.69858,0
2022-07-01,80409959,"IDEALPRO","USD.CNH",0,6.69801,6.69856,0
2022-07-01,80410159,"IDEALPRO","USD.CNH",0,6.69793,6.69849,0
2022-07-01,80412770,"IDEALPRO","USD.CNH",0,6.6979,6.69846,0
2022-07-01,80415821,"IDEALPRO","USD.CNH",0,6.6979,6.69846,0
2022-07-01,80418634,"IDEALPRO","USD.CNH",0,6.69792,6.69848,0
2022-07-01,80419236,"IDEALPRO","USD.CNH",0,6.6979,6.69846,0
2022-07-01,80431731,"IDEALPRO","USD.CNH",0,6.69792,6.69844,0
2022-07-01,80432935,"IDEALPRO","USD.CNH",0,6.69788,6.69839,0
2022-07-01,80433738,"IDEALPRO","USD.CNH",0,6.69768,6.69818,0
2022-07-01,80434140,"IDEALPRO","USD.CNH",0,6.69773,6.69823,0
2022-07-01,80457763,"IDEALPRO","USD.CNH",0,6.69668,6.69716,0
2022-07-01,80458968,"IDEALPRO","USD.CNH",0,6.6965,6.69711,0
2022-07-01,80459771,"IDEALPRO","USD.CNH",0,6.6965,6.697,0
2022-07-01,80500976,"IDEALPRO","USD.CNH",0,6.69625,6.69681,0
2022-07-01,80501981,"IDEALPRO","USD.CNH",0,6.69617,6.69671,0
2022-07-01,80502583,"IDEALPRO","USD.CNH",0,6.69617,6.69681,0
2022-07-01,80503185,"IDEALPRO","USD.CNH",0,6.69617,6.69678,0
2022-07-01,80504807,"IDEALPRO","USD.CNH",0,6.69613,6.69676,0
2022-07-01,80505247,"IDEALPRO","USD.CNH",0,6.69613,6.69672,0
2022-07-01,80506855,"IDEALPRO","USD.CNH",0,6.69606,6.69662,0
2022-07-01,80508863,"IDEALPRO","USD.CNH",0,6.69605,6.69662,0
2022-07-01,80513488,"IDEALPRO","USD.CNH",0,6.69606,6.69659,0
2022-07-01,80514905,"IDEALPRO","USD.CNH",0,6.69603,6.69659,0
2022-07-01,80515950,"IDEALPRO","USD.CNH",0,6.69603,6.6966,0
2022-07-01,80516954,"IDEALPRO","USD.CNH",0,6.69605,6.69662,0
2022-07-01,80517758,"IDEALPRO","USD.CNH",0,6.69607,6.69655,0
2022-07-01,80520368,"IDEALPRO","USD.CNH",0,6.6961,6.69658,0
2022-07-01,80521372,"IDEALPRO","USD.CNH",0,6.69607,6.69655,0
2022-07-01,80522979,"IDEALPRO","USD.CNH",0,6.69626,6.69655,0
2022-07-01,80523783,"IDEALPRO","USD.CNH",0,6.69607,6.69655,0
2022-07-01,80527639,"IDEALPRO","USD.CNH",0,6.69612,6.69661,0
2022-07-01,80535309,"IDEALPRO","USD.CNH",0,6.69618,6.69668,0
2022-07-01,80551493,"IDEALPRO","USD.CNH",0,6.69617,6.69666,0
2022-07-01,80555950,"IDEALPRO","USD.CNH",0,6.69618,6.69666,0
2022-07-01,80557699,"IDEALPRO","USD.CNH",0,6.69633,6.69681,0
2022-07-01,80559909,"IDEALPRO","USD.CNH",0,6.69633,6.69681,0
2022-07-01,80600912,"IDEALPRO","USD.CNH",0,6.69633,6.69681,0
2022-07-01,80601716,"IDEALPRO","USD.CNH",0,6.69638,6.69687,0
2022-07-01,80602720,"IDEALPRO","USD.CNH",0,6.69635,6.69679,0
2022-07-01,80607194,"IDEALPRO","USD.CNH",0,6.69634,6.69679,0
2022-07-01,80608801,"IDEALPRO","USD.CNH",0,6.69634,6.69683,0
2022-07-01,80609002,"IDEALPRO","USD.CNH",0,6.69637,6.69683,0
2022-07-01,80610208,"IDEALPRO","USD.CNH",0,6.69638,6.69686,0
2022-07-01,80613421,"IDEALPRO","USD.CNH",0,6.69638,6.69686,0
2022-07-01,80614023,"IDEALPRO","USD.CNH",0,6.69638,6.69686,0
2022-07-01,80615685,"IDEALPRO","USD.CNH",0,6.69641,6.69691,0
2022-07-01,80616286,"IDEALPRO","USD.CNH",0,6.69642,6.69691,0
2022-07-01,80622758,"IDEALPRO","USD.CNH",0,6.69648,6.69691,0
2022-07-01,80623762,"IDEALPRO","USD.CNH",0,6.69657,6.69696,0
2022-07-01,80624895,"IDEALPRO","USD.CNH",0,6.69657,6.69701,0
2022-07-01,80627867,"IDEALPRO","USD.CNH",0,6.69662,6.69707,0
2022-07-01,80631883,"IDEALPRO","USD.CNH",0,6.69665,6.69707,0
2022-07-01,80632887,"IDEALPRO","USD.CNH",0,6.69665,6.69707,0
2022-07-01,80633891,"IDEALPRO","USD.CNH",0,6.69713,6.69762,0
2022-07-01,80634936,"IDEALPRO","USD.CNH",0,6.69732,6.69775,0
2022-07-01,80635739,"IDEALPRO","USD.CNH",0,6.69732,6.69782,0
2022-07-01,80636341,"IDEALPRO","USD.CNH",0,6.69733,6.69784,0
2022-07-01,80640358,"IDEALPRO","USD.CNH",0,6.69735,6.69784,0
2022-07-01,80642770,"IDEALPRO","USD.CNH",0,6.69739,6.69788,0
2022-07-01,80646303,"IDEALPRO","USD.CNH",0,6.69738,6.69788,0
2022-07-01,80654762,"IDEALPRO","USD.CNH",0,6.69683,6.69729,0
2022-07-01,80655164,"IDEALPRO","USD.CNH",0,6.69683,6.69728,0
2022-07-01,80658176,"IDEALPRO","USD.CNH",0,6.6968,6.69728,0
2022-07-01,80659181,"IDEALPRO","USD.CNH",0,6.6968,6.69728,0
2022-07-01,80700587,"IDEALPRO","USD.CNH",0,6.6968,6.69725,0
2022-07-01,80701189,"IDEALPRO","USD.CNH",0,6.69674,6.6972,0
2022-07-01,80703398,"IDEALPRO","USD.CNH",0,6.69674,6.69721,0
2022-07-01,80710862,"IDEALPRO","USD.CNH",0,6.69674,6.69719,0
2022-07-01,80711868,"IDEALPRO","USD.CNH",0,6.69603,6.69661,0
2022-07-01,80712471,"IDEALPRO","USD.CNH",0,6.69633,6.69668,0
2022-07-01,80713662,"IDEALPRO","USD.CNH",0,6.69633,6.69676,0
2022-07-01,80714906,"IDEALPRO","USD.CNH",0,6.69633,6.69677,0
2022-07-01,80715910,"IDEALPRO","USD.CNH",0,6.69596,6.69643,0
2022-07-01,80716714,"IDEALPRO","USD.CNH",0,6.69596,6.69643,0
2022-07-01,80719727,"IDEALPRO","USD.CNH",0,6.69594,6.69638,0
2022-07-01,80720732,"IDEALPRO","USD.CNH",0,6.696,6.69647,0
2022-07-01,80721938,"IDEALPRO","USD.CNH",0,6.69613,6.69673,0
2022-07-01,80722942,"IDEALPRO","USD.CNH",0,6.69621,6.6966,0
2022-07-01,80723947,"IDEALPRO","USD.CNH",0,6.69612,6.69652,0
2022-07-01,80724990,"IDEALPRO","USD.CNH",0,6.69614,6.69654,0
2022-07-01,80725393,"IDEALPRO","USD.CNH",0,6.69614,6.69658,0
2022-07-01,80739822,"IDEALPRO","USD.CNH",0,6.69631,6.69676,0
2022-07-01,80740827,"IDEALPRO","USD.CNH",0,6.69645,6.69688,0
2022-07-01,80741831,"IDEALPRO","USD.CNH",0,6.69647,6.69696,0
2022-07-01,80742434,"IDEALPRO","USD.CNH",0,6.69602,6.69646,0
2022-07-01,80743841,"IDEALPRO","USD.CNH",0,6.69575,6.69623,0
2022-07-01,80744883,"IDEALPRO","USD.CNH",0,6.6958,6.6963,0
2022-07-01,80745285,"IDEALPRO","USD.CNH",0,6.6958,6.69637,0
2022-07-01,80746734,"IDEALPRO","USD.CNH",0,6.6958,6.69634,0
2022-07-01,80749646,"IDEALPRO","USD.CNH",0,6.6958,6.69628,0
2022-07-01,80753957,"IDEALPRO","USD.CNH",0,6.69593,6.69642,0
2022-07-01,80754800,"IDEALPRO","USD.CNH",0,6.69631,6.69681,0
2022-07-01,80756809,"IDEALPRO","USD.CNH",0,6.69631,6.69685,0
2022-07-01,80757812,"IDEALPRO","USD.CNH",0,6.69631,6.69681,0
2022-07-01,80800862,"IDEALPRO","USD.CNH",0,6.69625,6.69673,0
2022-07-01,80803673,"IDEALPRO","USD.CNH",0,6.69625,6.6967,0
2022-07-01,80804931,"IDEALPRO","USD.CNH",0,6.69618,6.69666,0
2022-07-01,80805332,"IDEALPRO","USD.CNH",0,6.69618,6.69664,0
2022-07-01,80809982,"IDEALPRO","USD.CNH",0,6.6963,6.69664,0
2022-07-01,80810985,"IDEALPRO","USD.CNH",0,6.69638,6.69665,0
2022-07-01,80811990,"IDEALPRO","USD.CNH",0,6.69619,6.69671,0
2022-07-01,80812593,"IDEALPRO","USD.CNH",0,6.69629,6.6967,0
2022-07-01,80813999,"IDEALPRO","USD.CNH",0,6.69629,6.69678,0
2022-07-01,80814843,"IDEALPRO","USD.CNH",0,6.6963,6.69674,0
2022-07-01,80815044,"IDEALPRO","USD.CNH",0,6.6963,6.69677,0
2022-07-01,80816049,"IDEALPRO","USD.CNH",0,6.6963,6.69673,0
2022-07-01,80817856,"IDEALPRO","USD.CNH",0,6.6963,6.69673,0
2022-07-01,80818659,"IDEALPRO","USD.CNH",0,6.6963,6.6967,0
2022-07-01,80819864,"IDEALPRO","USD.CNH",0,6.69632,6.69673,0
2022-07-01,80820868,"IDEALPRO","USD.CNH",0,6.69632,6.6967,0
2022-07-01,80821471,"IDEALPRO","USD.CNH",0,6.69632,6.6967,0
2022-07-01,80829614,"IDEALPRO","USD.CNH",0,6.69632,6.6967,0
2022-07-01,80833820,"IDEALPRO","USD.CNH",0,6.69616,6.69663,0
2022-07-01,80834423,"IDEALPRO","USD.CNH",0,6.69616,6.69665,0
2022-07-01,80835667,"IDEALPRO","USD.CNH",0,6.69616,6.69665,0
2022-07-01,80837274,"IDEALPRO","USD.CNH",0,6.69616,6.69665,0
2022-07-01,80839833,"IDEALPRO","USD.CNH",0,6.69633,6.69683,0
2022-07-01,80840234,"IDEALPRO","USD.CNH",0,6.69627,6.69678,0
2022-07-01,80846746,"IDEALPRO","USD.CNH",0,6.69643,6.69697,0
2022-07-01,80847951,"IDEALPRO","USD.CNH",0,6.69642,6.69687,0
2022-07-01,80848153,"IDEALPRO","USD.CNH",0,6.69642,6.69691,0
2022-07-01,80850853,"IDEALPRO","USD.CNH",0,6.69646,6.69697,0
2022-07-01,80851656,"IDEALPRO","USD.CNH",0,6.69652,6.69708,0
2022-07-01,80852459,"IDEALPRO","USD.CNH",0,6.69654,6.69706,0
2022-07-01,80902877,"IDEALPRO","USD.CNH",0,6.69651,6.69703,0
2022-07-01,80903679,"IDEALPRO","USD.CNH",0,6.69658,6.6971,0
2022-07-01,80904079,"IDEALPRO","USD.CNH",0,6.69654,6.69706,0
2022-07-01,80907749,"IDEALPRO","USD.CNH",0,6.69668,6.69718,0
2022-07-01,80908352,"IDEALPRO","USD.CNH",0,6.69673,6.69723,0
2022-07-01,80909758,"IDEALPRO","USD.CNH",0,6.69668,6.69718,0
2022-07-01,80910560,"IDEALPRO","USD.CNH",0,6.69673,6.69723,0
2022-07-01,80911990,"IDEALPRO","USD.CNH",0,6.69677,6.69727,0
2022-07-01,80912995,"IDEALPRO","USD.CNH",0,6.69677,6.69727,0
2022-07-01,80919805,"IDEALPRO","USD.CNH",0,6.69669,6.69719,0
2022-07-01,80920809,"IDEALPRO","USD.CNH",0,6.69678,6.69722,0
2022-07-01,80924518,"IDEALPRO","USD.CNH",0,6.6968,6.69722,0
2022-07-01,80925963,"IDEALPRO","USD.CNH",0,6.69733,6.69787,0
2022-07-01,80926164,"IDEALPRO","USD.CNH",0,6.69741,6.69795,0
2022-07-01,80927972,"IDEALPRO","USD.CNH",0,6.69743,6.69793,0
2022-07-01,80928174,"IDEALPRO","USD.CNH",0,6.69738,6.69786,0
2022-07-01,80929781,"IDEALPRO","USD.CNH",0,6.69744,6.69798,0
2022-07-01,80930986,"IDEALPRO","USD.CNH",0,6.69746,6.69796,0
2022-07-01,80931388,"IDEALPRO","USD.CNH",0,6.69752,6.69803,0
2022-07-01,80932994,"IDEALPRO","USD.CNH",0,6.69759,6.69811,0
2022-07-01,80933597,"IDEALPRO","USD.CNH",0,6.69774,6.69824,0
2022-07-01,80934843,"IDEALPRO","USD.CNH",0,6.69773,6.69823,0
2022-07-01,80937855,"IDEALPRO","USD.CNH",0,6.69773,6.69807,0
2022-07-01,80938659,"IDEALPRO","USD.CNH",0,6.69773,6.69823,0
2022-07-01,80942962,"IDEALPRO","USD.CNH",0,6.69744,6.69794,0
2022-07-01,80945813,"IDEALPRO","USD.CNH",0,6.69766,6.69817,0
2022-07-01,80946216,"IDEALPRO","USD.CNH",0,6.69762,6.69814,0
2022-07-01,80955728,"IDEALPRO","USD.CNH",0,6.69762,6.69814,0
2022-07-01,81004164,"IDEALPRO","USD.CNH",0,6.69759,6.69811,0
2022-07-01,81010907,"IDEALPRO","USD.CNH",0,6.69762,6.69814,0
2022-07-01,81019382,"IDEALPRO","USD.CNH",0,6.69759,6.69811,0
2022-07-01,81028259,"IDEALPRO","USD.CNH",0,6.69755,6.69814,0
2022-07-01,81030244,"IDEALPRO","USD.CNH",0,6.69761,6.6982,0
2022-07-01,81035908,"IDEALPRO","USD.CNH",0,6.69761,6.6982,0
2022-07-01,81039324,"IDEALPRO","USD.CNH",0,6.69765,6.69822,0
2022-07-01,81043946,"IDEALPRO","USD.CNH",0,6.69761,6.6982,0
2022-07-01,81046998,"IDEALPRO","USD.CNH",0,6.69765,6.69822,0
2022-07-01,81053825,"IDEALPRO","USD.CNH",0,6.69765,6.69822,0
2022-07-01,81054869,"IDEALPRO","USD.CNH",0,6.69765,6.69822,0
2022-07-01,81111829,"IDEALPRO","USD.CNH",0,6.69765,6.69822,0
2022-07-01,81114642,"IDEALPRO","USD.CNH",0,6.69769,6.69826,0
2022-07-01,81115936,"IDEALPRO","USD.CNH",0,6.6978,6.6984,0
2022-07-01,81116337,"IDEALPRO","USD.CNH",0,6.69788,6.69849,0
2022-07-01,81117944,"IDEALPRO","USD.CNH",0,6.69788,6.69848,0
2022-07-01,81125615,"IDEALPRO","USD.CNH",0,6.6979,6.69841,0
2022-07-01,81126619,"IDEALPRO","USD.CNH",0,6.69788,6.69834,0
2022-07-01,81127222,"IDEALPRO","USD.CNH",0,6.6978,6.6983,0
2022-07-01,81128226,"IDEALPRO","USD.CNH",0,6.69777,6.69827,0
2022-07-01,81139976,"IDEALPRO","USD.CNH",0,6.69813,6.69867,0
2022-07-01,81142988,"IDEALPRO","USD.CNH",0,6.69816,6.6987,0
2022-07-01,81143188,"IDEALPRO","USD.CNH",0,6.69816,6.6987,0
2022-07-01,81146241,"IDEALPRO","USD.CNH",0,6.69816,6.6987,0
2022-07-01,81147245,"IDEALPRO","USD.CNH",0,6.69816,6.6987,0
2022-07-01,81148291,"IDEALPRO","USD.CNH",0,6.69816,6.6987,0
2022-07-01,81152904,"IDEALPRO","USD.CNH",0,6.69817,6.69871,0
2022-07-01,81153908,"IDEALPRO","USD.CNH",0,6.6982,6.69874,0
2022-07-01,81156306,"IDEALPRO","USD.CNH",0,6.69817,6.69871,0
2022-07-01,81204984,"IDEALPRO","USD.CNH",0,6.69817,6.69867,0
2022-07-01,81205925,"IDEALPRO","USD.CNH",0,6.69817,6.69869,0
2022-07-01,81207832,"IDEALPRO","USD.CNH",0,6.69817,6.69871,0
2022-07-01,81212845,"IDEALPRO","USD.CNH",0,6.69808,6.69858,0
2022-07-01,81226414,"IDEALPRO","USD.CNH",0,6.69812,6.69859,0
2022-07-01,81227819,"IDEALPRO","USD.CNH",0,6.69822,6.69866,0
2022-07-01,81228020,"IDEALPRO","USD.CNH",0,6.69822,6.69863,0
2022-07-01,81231884,"IDEALPRO","USD.CNH",0,6.69822,6.69862,0
2022-07-01,81232887,"IDEALPRO","USD.CNH",0,6.69826,6.69863,0
2022-07-01,81233879,"IDEALPRO","USD.CNH",0,6.69826,6.69863,0
2022-07-01,81234721,"IDEALPRO","USD.CNH",0,6.69822,6.69863,0
2022-07-01,81243799,"IDEALPRO","USD.CNH",0,6.69822,6.69862,0
2022-07-01,81247806,"IDEALPRO","USD.CNH",0,6.69822,6.69863,0
2022-07-01,81253618,"IDEALPRO","USD.CNH",0,6.69825,6.69874,0
2022-07-01,81254621,"IDEALPRO","USD.CNH",0,6.69823,6.69879,0
2022-07-01,81255864,"IDEALPRO","USD.CNH",0,6.69825,6.69873,0
2022-07-01,81256868,"IDEALPRO","USD.CNH",0,6.69825,6.69875,0
2022-07-01,81257270,"IDEALPRO","USD.CNH",0,6.69825,6.69876,0
2022-07-01,81258476,"IDEALPRO","USD.CNH",0,6.69825,6.69874,0
2022-07-01,81303538,"IDEALPRO","USD.CNH",0,6.69825,6.69875,0
2022-07-01,81307246,"IDEALPRO","USD.CNH",0,6.69825,6.69876,0
2022-07-01,81309455,"IDEALPRO","USD.CNH",0,6.69825,6.69866,0
2022-07-01,81311853,"IDEALPRO","USD.CNH",0,6.69825,6.69866,0
2022-07-01,81312857,"IDEALPRO","USD.CNH",0,6.69825,6.69866,0
2022-07-01,81313756,"IDEALPRO","USD.CNH",0,6.69821,6.69866,0
2022-07-01,81314800,"IDEALPRO","USD.CNH",0,6.69821,6.69877,0
2022-07-01,81315002,"IDEALPRO","USD.CNH",0,6.69821,6.6988,0
2022-07-01,81316262,"IDEALPRO","USD.CNH",0,6.69821,6.6987,0
2022-07-01,81319876,"IDEALPRO","USD.CNH",0,6.69809,6.69862,0
2022-07-01,81320478,"IDEALPRO","USD.CNH",0,6.69809,6.69866,0
2022-07-01,81325622,"IDEALPRO","USD.CNH",0,6.69779,6.69839,0
2022-07-01,81326425,"IDEALPRO","USD.CNH",0,6.69779,6.69836,0
2022-07-01,81328889,"IDEALPRO","USD.CNH",0,6.69788,6.69853,0
2022-07-01,81335641,"IDEALPRO","USD.CNH",0,6.69779,6.69841,0
2022-07-01,81336646,"IDEALPRO","USD.CNH",0,6.69782,6.69846,0
2022-07-01,81337650,"IDEALPRO","USD.CNH",0,6.69773,6.69836,0
2022-07-01,81341466,"IDEALPRO","USD.CNH",0,6.69772,6.69835,0
2022-07-01,81343876,"IDEALPRO","USD.CNH",0,6.69772,6.69829,0
2022-07-01,81346826,"IDEALPRO","USD.CNH",0,6.69772,6.69829,0
2022-07-01,81347830,"IDEALPRO","USD.CNH",0,6.69769,6.69826,0
2022-07-01,81349731,"IDEALPRO","USD.CNH",0,6.69769,6.69828,0
2022-07-01,81353749,"IDEALPRO","USD.CNH",0,6.69769,6.69827,0
2022-07-01,81356803,"IDEALPRO","USD.CNH",0,6.69769,6.69828,0
2022-07-01,81357605,"IDEALPRO","USD.CNH",0,6.69775,6.69825,0
2022-07-01,81358812,"IDEALPRO","USD.CNH",0,6.69791,6.69844,0
2022-07-01,81359614,"IDEALPRO","USD.CNH",0,6.69791,6.69848,0
2022-07-01,81400017,"IDEALPRO","USD.CNH",0,6.69794,6.69858,0
2022-07-01,81401021,"IDEALPRO","USD.CNH",0,6.69792,6.69857,0
2022-07-01,81411970,"IDEALPRO","USD.CNH",0,6.69792,6.69857,0
2022-07-01,81415920,"IDEALPRO","USD.CNH",0,6.6971,6.69768,0
2022-07-01,81416522,"IDEALPRO","USD.CNH",0,6.69699,6.6976,0
2022-07-01,81417728,"IDEALPRO","USD.CNH",0,6.69695,6.6976,0
2022-07-01,81418532,"IDEALPRO","USD.CNH",0,6.69695,6.69761,0
2022-07-01,81419537,"IDEALPRO","USD.CNH",0,6.69701,6.69761,0
2022-07-01,81420742,"IDEALPRO","USD.CNH",0,6.69706,6.69763,0
2022-07-01,81424191,"IDEALPRO","USD.CNH",0,6.69711,6.69761,0
2022-07-01,81426842,"IDEALPRO","USD.CNH",0,6.69724,6.698,0
2022-07-01,81427243,"IDEALPRO","USD.CNH",0,6.69719,6.6979,0
2022-07-01,81430056,"IDEALPRO","USD.CNH",0,6.69716,6.69787,0
2022-07-01,81440941,"IDEALPRO","USD.CNH",0,6.69733,6.69787,0
2022-07-01,81441945,"IDEALPRO","USD.CNH",0,6.69749,6.69787,0
2022-07-01,81442548,"IDEALPRO","USD.CNH",0,6.6972,6.69791,0
2022-07-01,81444998,"IDEALPRO","USD.CNH",0,6.69749,6.69811,0
2022-07-01,81445600,"IDEALPRO","USD.CNH",0,6.69746,6.69807,0
2022-07-01,81449438,"IDEALPRO","USD.CNH",0,6.6975,6.69812,0
2022-07-01,81455086,"IDEALPRO","USD.CNH",0,6.69746,6.69807,0
2022-07-01,81500765,"IDEALPRO","USD.CNH",0,6.69723,6.69786,0
2022-07-01,81511683,"IDEALPRO","USD.CNH",0,6.69721,6.69784,0
2022-07-01,81516742,"IDEALPRO","USD.CNH",0,6.69721,6.69783,0
2022-07-01,81517747,"IDEALPRO","USD.CNH",0,6.69692,6.69753,0
2022-07-01,81518150,"IDEALPRO","USD.CNH",0,6.6969,6.69751,0
2022-07-01,81520563,"IDEALPRO","USD.CNH",0,6.69698,6.69753,0
2022-07-01,81525223,"IDEALPRO","USD.CNH",0,6.69698,6.69752,0
2022-07-01,81527635,"IDEALPRO","USD.CNH",0,6.69608,6.69658,0
2022-07-01,81528638,"IDEALPRO","USD.CNH",0,6.69606,6.69664,0
2022-07-01,81529643,"IDEALPRO","USD.CNH",0,6.6961,6.69674,0
2022-07-01,81530446,"IDEALPRO","USD.CNH",0,6.69615,6.69674,0
2022-07-01,81531249,"IDEALPRO","USD.CNH",0,6.69606,6.69673,0
2022-07-01,81535707,"IDEALPRO","USD.CNH",0,6.69608,6.69671,0
2022-07-01,81538719,"IDEALPRO","USD.CNH",0,6.69612,6.69665,0
2022-07-01,81543746,"IDEALPRO","USD.CNH",0,6.69654,6.69704,0
2022-07-01,81549207,"IDEALPRO","USD.CNH",0,6.69655,6.69704,0
2022-07-01,81553827,"IDEALPRO","USD.CNH",0,6.69667,6.69729,0
2022-07-01,81554630,"IDEALPRO","USD.CNH",0,6.69682,6.69731,0
2022-07-01,81558687,"IDEALPRO","USD.CNH",0,6.69681,6.6973,0
2022-07-01,81559088,"IDEALPRO","USD.CNH",0,6.69677,6.69725,0
2022-07-01,81612900,"IDEALPRO","USD.CNH",0,6.69673,6.69721,0
2022-07-01,81613502,"IDEALPRO","USD.CNH",0,6.69677,6.69725,0
2022-07-01,81618706,"IDEALPRO","USD.CNH",0,6.69677,6.69725,0
2022-07-01,81628422,"IDEALPRO","USD.CNH",0,6.69676,6.69726,0
2022-07-01,81638787,"IDEALPRO","USD.CNH",0,6.6968,6.69731,0
2022-07-01,81642949,"IDEALPRO","USD.CNH",0,6.69676,6.69736,0
2022-07-01,81643351,"IDEALPRO","USD.CNH",0,6.69671,6.69731,0
2022-07-01,81644556,"IDEALPRO","USD.CNH",0,6.6967,6.6973,0
2022-07-01,81645800,"IDEALPRO","USD.CNH",0,6.69667,6.69727,0
2022-07-01,81650622,"IDEALPRO","USD.CNH",0,6.69664,6.69724,0
2022-07-01,81653865,"IDEALPRO","USD.CNH",0,6.69644,6.69715,0
2022-07-01,81654066,"IDEALPRO","USD.CNH",0,6.69644,6.69717,0
2022-07-01,81655713,"IDEALPRO","USD.CNH",0,6.69642,6.69698,0
2022-07-01,81656716,"IDEALPRO","USD.CNH",0,6.6962,6.69681,0
2022-07-01,81658925,"IDEALPRO","USD.CNH",0,6.69626,6.69677,0
2022-07-01,81659327,"IDEALPRO","USD.CNH",0,6.69615,6.69686,0
2022-07-01,81703884,"IDEALPRO","USD.CNH",0,6.69616,6.69687,0
2022-07-01,81704487,"IDEALPRO","USD.CNH",0,6.69622,6.69691,0
2022-07-01,81705276,"IDEALPRO","USD.CNH",0,6.69616,6.69687,0
2022-07-01,81706681,"IDEALPRO","USD.CNH",0,6.69615,6.69686,0
2022-07-01,81709900,"IDEALPRO","USD.CNH",0,6.69611,6.69682,0
2022-07-01,81710904,"IDEALPRO","USD.CNH",0,6.69601,6.69671,0
2022-07-01,81711908,"IDEALPRO","USD.CNH",0,6.69609,6.69666,0
2022-07-01,81714405,"IDEALPRO","USD.CNH",0,6.69606,6.69666,0
2022-07-01,81719466,"IDEALPRO","USD.CNH",0,6.69606,6.69663,0
2022-07-01,81720470,"IDEALPRO","USD.CNH",0,6.69606,6.69661,0
2022-07-01,81721675,"IDEALPRO","USD.CNH",0,6.69628,6.69678,0
2022-07-01,81724487,"IDEALPRO","USD.CNH",0,6.69628,6.69687,0
2022-07-01,81727538,"IDEALPRO","USD.CNH",0,6.69615,6.69677,0
2022-07-01,81728342,"IDEALPRO","USD.CNH",0,6.69615,6.69676,0
2022-07-01,81729435,"IDEALPRO","USD.CNH",0,6.69615,6.69673,0
2022-07-01,81730839,"IDEALPRO","USD.CNH",0,6.69615,6.6967,0
2022-07-01,81731442,"IDEALPRO","USD.CNH",0,6.69608,6.69662,0
2022-07-01,81732246,"IDEALPRO","USD.CNH",0,6.69605,6.69662,0
2022-07-01,81734656,"IDEALPRO","USD.CNH",0,6.69608,6.69662,0
2022-07-01,81735298,"IDEALPRO","USD.CNH",0,6.69611,6.69662,0
2022-07-01,81745906,"IDEALPRO","USD.CNH",0,6.69636,6.697,0
2022-07-01,81746509,"IDEALPRO","USD.CNH",0,6.69648,6.697,0
2022-07-01,81747312,"IDEALPRO","USD.CNH",0,6.69642,6.697,0
2022-07-01,81751879,"IDEALPRO","USD.CNH",0,6.69648,6.697,0
2022-07-01,81752281,"IDEALPRO","USD.CNH",0,6.69655,6.69709,0
2022-07-01,81759553,"IDEALPRO","USD.CNH",0,6.69655,6.69708,0
2022-07-01,81800959,"IDEALPRO","USD.CNH",0,6.69655,6.69713,0
2022-07-01,81802967,"IDEALPRO","USD.CNH",0,6.69619,6.69681,0
2022-07-01,81803971,"IDEALPRO","USD.CNH",0,6.69621,6.69681,0
2022-07-01,81818585,"IDEALPRO","USD.CNH",0,6.69621,6.69682,0
2022-07-01,81820192,"IDEALPRO","USD.CNH",0,6.69619,6.69681,0
2022-07-01,81827904,"IDEALPRO","USD.CNH",0,6.69632,6.69683,0
2022-07-01,81840689,"IDEALPRO","USD.CNH",0,6.6962,6.69681,0
2022-07-01,81841693,"IDEALPRO","USD.CNH",0,6.69617,6.69679,0
2022-07-01,81852905,"IDEALPRO","USD.CNH",0,6.6962,6.6968,0
2022-07-01,81853306,"IDEALPRO","USD.CNH",0,6.69629,6.6968,0
2022-07-01,81904835,"IDEALPRO","USD.CNH",0,6.69605,6.69663,0
2022-07-01,81905477,"IDEALPRO","USD.CNH",0,6.69607,6.69657,0
2022-07-01,81906079,"IDEALPRO","USD.CNH",0,6.69604,6.69657,0
2022-07-01,81921973,"IDEALPRO","USD.CNH",0,6.69602,6.69651,0
2022-07-01,81922977,"IDEALPRO","USD.CNH",0,6.69603,6.69651,0
2022-07-01,81923981,"IDEALPRO","USD.CNH",0,6.69603,6.69651,0
2022-07-01,81926881,"IDEALPRO","USD.CNH",0,6.69606,6.69651,0
2022-07-01,81928891,"IDEALPRO","USD.CNH",0,6.69622,6.69681,0
2022-07-01,81929694,"IDEALPRO","USD.CNH",0,6.69622,6.69681,0
2022-07-01,81933911,"IDEALPRO","USD.CNH",0,6.69628,6.69688,0
2022-07-01,81935357,"IDEALPRO","USD.CNH",0,6.69617,6.69676,0
2022-07-01,81936158,"IDEALPRO","USD.CNH",0,6.69621,6.69676,0
2022-07-01,81938801,"IDEALPRO","USD.CNH",0,6.69614,6.69676,0
2022-07-01,81940807,"IDEALPRO","USD.CNH",0,6.6961,6.69672,0
2022-07-01,81941207,"IDEALPRO","USD.CNH",0,6.6961,6.69668,0
2022-07-01,81944862,"IDEALPRO","USD.CNH",0,6.69607,6.69664,0
2022-07-01,81946920,"IDEALPRO","USD.CNH",0,6.69607,6.69661,0
2022-07-01,81950929,"IDEALPRO","USD.CNH",0,6.69607,6.69664,0
2022-07-01,81951831,"IDEALPRO","USD.CNH",0,6.69611,6.69664,0
2022-07-01,81952834,"IDEALPRO","USD.CNH",0,6.69619,6.69659,0
2022-07-01,82000647,"IDEALPRO","USD.CNH",0,6.69619,6.69657,0
2022-07-01,82007888,"IDEALPRO","USD.CNH",0,6.69626,6.69677,0
2022-07-01,82008290,"IDEALPRO","USD.CNH",0,6.69631,6.69681,0
2022-07-01,82009294,"IDEALPRO","USD.CNH",0,6.69625,6.69675,0
2022-07-01,82010900,"IDEALPRO","USD.CNH",0,6.69625,6.69672,0
2022-07-01,82015617,"IDEALPRO","USD.CNH",0,6.69619,6.69668,0
2022-07-01,82016420,"IDEALPRO","USD.CNH",0,6.6962,6.69659,0
2022-07-01,82017825,"IDEALPRO","USD.CNH",0,6.69619,6.69661,0
2022-07-01,82018630,"IDEALPRO","USD.CNH",0,6.69619,6.69659,0
2022-07-01,82020839,"IDEALPRO","USD.CNH",0,6.69619,6.69659,0
2022-07-01,82025898,"IDEALPRO","USD.CNH",0,6.6962,6.69659,0
2022-07-01,82029407,"IDEALPRO","USD.CNH",0,6.69615,6.69657,0
2022-07-01,82035964,"IDEALPRO","USD.CNH",0,6.69612,6.69657,0
2022-07-01,82036969,"IDEALPRO","USD.CNH",0,6.69609,6.69657,0
2022-07-01,82038024,"IDEALPRO","USD.CNH",0,6.69611,6.69657,0
2022-07-01,82041837,"IDEALPRO","USD.CNH",0,6.69609,6.69657,0
2022-07-01,82049852,"IDEALPRO","USD.CNH",0,6.69612,6.69657,0
2022-07-01,82050856,"IDEALPRO","USD.CNH",0,6.69609,6.69657,0
2022-07-01,82052461,"IDEALPRO","USD.CNH",0,6.69609,6.69657,0
2022-07-01,82053868,"IDEALPRO","USD.CNH",0,6.6961,6.69657,0
2022-07-01,82055916,"IDEALPRO","USD.CNH",0,6.69612,6.69657,0
2022-07-01,82056318,"IDEALPRO","USD.CNH",0,6.69612,6.69657,0
2022-07-01,82057925,"IDEALPRO","USD.CNH",0,6.69626,6.69657,0
2022-07-01,82059932,"IDEALPRO","USD.CNH",0,6.69629,6.69674,0
2022-07-01,82100534,"IDEALPRO","USD.CNH",0,6.6964,6.69674,0
2022-07-01,82101136,"IDEALPRO","USD.CNH",0,6.6964,6.69672,0
2022-07-01,82105680,"IDEALPRO","USD.CNH",0,6.69618,6.69669,0
2022-07-01,82106082,"IDEALPRO","USD.CNH",0,6.69618,6.69668,0
2022-07-01,82107087,"IDEALPRO","USD.CNH",0,6.69618,6.69665,0
2022-07-01,82108894,"IDEALPRO","USD.CNH",0,6.69617,6.69668,0
2022-07-01,82109497,"IDEALPRO","USD.CNH",0,6.6962,6.69662,0
2022-07-01,82112900,"IDEALPRO","USD.CNH",0,6.69663,6.69705,0
2022-07-01,82113302,"IDEALPRO","USD.CNH",0,6.69643,6.69703,0
2022-07-01,82114709,"IDEALPRO","USD.CNH",0,6.69697,6.6974,0
2022-07-01,82115150,"IDEALPRO","USD.CNH",0,6.69697,6.69745,0
2022-07-01,82119820,"IDEALPRO","USD.CNH",0,6.69673,6.69736,0
2022-07-01,82121425,"IDEALPRO","USD.CNH",0,6.69668,6.69731,0
2022-07-01,82122832,"IDEALPRO","USD.CNH",0,6.69657,6.69714,0
2022-07-01,82123836,"IDEALPRO","USD.CNH",0,6.69662,6.69714,0
2022-07-01,82124036,"IDEALPRO","USD.CNH",0,6.69662,6.69715,0
2022-07-01,82126975,"IDEALPRO","USD.CNH",0,6.69662,6.69718,0
2022-07-01,82127176,"IDEALPRO","USD.CNH",0,6.69662,6.69719,0
2022-07-01,82128982,"IDEALPRO","USD.CNH",0,6.69667,6.69719,0
2022-07-01,82129987,"IDEALPRO","USD.CNH",0,6.69674,6.69719,0
2022-07-01,82131993,"IDEALPRO","USD.CNH",0,6.69676,6.69719,0
2022-07-01,82132796,"IDEALPRO","USD.CNH",0,6.69684,6.69724,0
2022-07-01,82137252,"IDEALPRO","USD.CNH",0,6.69684,6.69727,0
2022-07-01,82142875,"IDEALPRO","USD.CNH",0,6.6968,6.69727,0
2022-07-01,82148075,"IDEALPRO","USD.CNH",0,6.69676,6.69727,0
2022-07-01,82150880,"IDEALPRO","USD.CNH",0,6.69676,6.69727,0
2022-07-01,82152485,"IDEALPRO","USD.CNH",0,6.69678,6.69727,0
2022-07-01,82155935,"IDEALPRO","USD.CNH",0,6.69673,6.69727,0
2022-07-01,82156939,"IDEALPRO","USD.CNH",0,6.6967,6.69727,0
2022-07-01,82157945,"IDEALPRO","USD.CNH",0,6.69673,6.69727,0
2022-07-01,82158750,"IDEALPRO","USD.CNH",0,6.69673,6.69732,0
2022-07-01,82159800,"IDEALPRO","USD.CNH",0,6.69673,6.6973,0
2022-07-01,82200810,"IDEALPRO","USD.CNH",0,6.6968,6.69724,0
2022-07-01,82201411,"IDEALPRO","USD.CNH",0,6.69682,6.69724,0
2022-07-01,82202817,"IDEALPRO","USD.CNH",0,6.69682,6.69732,0
2022-07-01,82203619,"IDEALPRO","USD.CNH",0,6.69671,6.697,0
2022-07-01,82207920,"IDEALPRO","USD.CNH",0,6.69673,6.697,0
2022-07-01,82208922,"IDEALPRO","USD.CNH",0,6.69671,6.69712,0
2022-07-01,82210930,"IDEALPRO","USD.CNH",0,6.69666,6.69711,0
2022-07-01,82211332,"IDEALPRO","USD.CNH",0,6.69666,6.6971,0
2022-07-01,82213943,"IDEALPRO","USD.CNH",0,6.6966,6.6971,0
2022-07-01,82214986,"IDEALPRO","USD.CNH",0,6.69667,6.6971,0
2022-07-01,82215991,"IDEALPRO","USD.CNH",0,6.69671,6.69713,0
2022-07-01,82216995,"IDEALPRO","USD.CNH",0,6.69667,6.6971,0
2022-07-01,82217837,"IDEALPRO","USD.CNH",0,6.69645,6.69708,0
2022-07-01,82219042,"IDEALPRO","USD.CNH",0,6.69645,6.69709,0
2022-07-01,82220043,"IDEALPRO","USD.CNH",0,6.69645,6.69708,0
2022-07-01,82222855,"IDEALPRO","USD.CNH",0,6.69645,6.69708,0
2022-07-01,82223055,"IDEALPRO","USD.CNH",0,6.69645,6.69709,0
2022-07-01,82224903,"IDEALPRO","USD.CNH",0,6.69645,6.69709,0
2022-07-01,82225907,"IDEALPRO","USD.CNH",0,6.69645,6.69708,0
2022-07-01,82226108,"IDEALPRO","USD.CNH",0,6.69645,6.69709,0
2022-07-01,82227915,"IDEALPRO","USD.CNH",0,6.69645,6.69708,0
2022-07-01,82228918,"IDEALPRO","USD.CNH",0,6.69645,6.69708,0
2022-07-01,82229922,"IDEALPRO","USD.CNH",0,6.69656,6.6971,0
2022-07-01,82230122,"IDEALPRO","USD.CNH",0,6.69667,6.6971,0
2022-07-01,82233135,"IDEALPRO","USD.CNH",0,6.69656,6.6971,0
2022-07-01,82235777,"IDEALPRO","USD.CNH",0,6.69645,6.69708,0
2022-07-01,82236981,"IDEALPRO","USD.CNH",0,6.69656,6.6971,0
2022-07-01,82238886,"IDEALPRO","USD.CNH",0,6.69656,6.69713,0
2022-07-01,82239890,"IDEALPRO","USD.CNH",0,6.69655,6.69713,0
2022-07-01,82244397,"IDEALPRO","USD.CNH",0,6.69656,6.69713,0
2022-07-01,82247044,"IDEALPRO","USD.CNH",0,6.69656,6.69712,0
2022-07-01,82248852,"IDEALPRO","USD.CNH",0,6.69646,6.69712,0
2022-07-01,82249454,"IDEALPRO","USD.CNH",0,6.69652,6.69712,0
2022-07-01,82250860,"IDEALPRO","USD.CNH",0,6.69657,6.69714,0
2022-07-01,82252266,"IDEALPRO","USD.CNH",0,6.69657,6.69714,0
2022-07-01,82254920,"IDEALPRO","USD.CNH",0,6.6966,6.69714,0
2022-07-01,82256932,"IDEALPRO","USD.CNH",0,6.69654,6.69709,0
2022-07-01,82257990,"IDEALPRO","USD.CNH",0,6.69654,6.69709,0
2022-07-01,82258994,"IDEALPRO","USD.CNH",0,6.69652,6.69709,0
2022-07-01,82301797,"IDEALPRO","USD.CNH",0,6.69657,6.69709,0
2022-07-01,82302802,"IDEALPRO","USD.CNH",0,6.69648,6.69709,0
2022-07-01,82303002,"IDEALPRO","USD.CNH",0,6.69657,6.69709,0
2022-07-01,82304002,"IDEALPRO","USD.CNH",0,6.6966,6.69714,0
2022-07-01,82305464,"IDEALPRO","USD.CNH",0,6.6966,6.69712,0
2022-07-01,82306871,"IDEALPRO","USD.CNH",0,6.6966,6.69712,0
2022-07-01,82307473,"IDEALPRO","USD.CNH",0,6.6966,6.69714,0
2022-07-01,82309514,"IDEALPRO","USD.CNH",0,6.6966,6.69714,0
2022-07-01,82314733,"IDEALPRO","USD.CNH",0,6.6966,6.69714,0
2022-07-01,82316831,"IDEALPRO","USD.CNH",0,6.6966,6.69711,0
2022-07-01,82317233,"IDEALPRO","USD.CNH",0,6.6966,6.69714,0
2022-07-01,82323663,"IDEALPRO","USD.CNH",0,6.6966,6.69711,0
2022-07-01,82324064,"IDEALPRO","USD.CNH",0,6.6966,6.69714,0
2022-07-01,82350205,"IDEALPRO","USD.CNH",0,6.6966,6.69711,0
2022-07-01,82351009,"IDEALPRO","USD.CNH",0,6.6966,6.69714,0
2022-07-01,82354954,"IDEALPRO","USD.CNH",0,6.6966,6.69711,0
2022-07-01,82355958,"IDEALPRO","USD.CNH",0,6.6966,6.69711,0
2022-07-01,82356960,"IDEALPRO","USD.CNH",0,6.6966,6.69714,0
2022-07-01,82357966,"IDEALPRO","USD.CNH",0,6.6966,6.69714,0
2022-07-01,82359171,"IDEALPRO","USD.CNH",0,6.6966,6.69711,0
2022-07-01,82401780,"IDEALPRO","USD.CNH",0,6.6966,6.69714,0
2022-07-01,82402831,"IDEALPRO","USD.CNH",0,6.6966,6.69708,0
2022-07-01,82403835,"IDEALPRO","USD.CNH",0,6.69632,6.69679,0
2022-07-01,82404437,"IDEALPRO","USD.CNH",0,6.69632,6.69672,0
2022-07-01,82405679,"IDEALPRO","USD.CNH",0,6.69632,6.69673,0
2022-07-01,82406282,"IDEALPRO","USD.CNH",0,6.69632,6.69676,0
2022-07-01,82407085,"IDEALPRO","USD.CNH",0,6.69632,6.69678,0
2022-07-01,82408743,"IDEALPRO","USD.CNH",0,6.69632,6.69676,0
2022-07-01,82409145,"IDEALPRO","USD.CNH",0,6.69632,6.69678,0
2022-07-01,82411550,"IDEALPRO","USD.CNH",0,6.6965,6.69696,0
2022-07-01,82412754,"IDEALPRO","USD.CNH",0,6.6966,6.69708,0
2022-07-01,82413356,"IDEALPRO","USD.CNH",0,6.6966,6.69706,0
2022-07-01,82418766,"IDEALPRO","USD.CNH",0,6.6963,6.69678,0
2022-07-01,82420975,"IDEALPRO","USD.CNH",0,6.69641,6.69694,0
2022-07-01,82423788,"IDEALPRO","USD.CNH",0,6.69641,6.69692,0
2022-07-01,82424831,"IDEALPRO","USD.CNH",0,6.69641,6.69692,0
2022-07-01,82432900,"IDEALPRO","USD.CNH",0,6.69641,6.6969,0
2022-07-01,82435952,"IDEALPRO","USD.CNH",0,6.69657,6.69711,0
2022-07-01,82436555,"IDEALPRO","USD.CNH",0,6.69657,6.69716,0
2022-07-01,82439167,"IDEALPRO","USD.CNH",0,6.69666,6.69717,0
2022-07-01,82440372,"IDEALPRO","USD.CNH",0,6.69666,6.69719,0
2022-07-01,82448628,"IDEALPRO","USD.CNH",0,6.69654,6.69719,0
2022-07-01,82449030,"IDEALPRO","USD.CNH",0,6.69654,6.69719,0
2022-07-01,82450731,"IDEALPRO","USD.CNH",0,6.69667,6.69719,0
2022-07-01,82452942,"IDEALPRO","USD.CNH",0,6.69657,6.69719,0
2022-07-01,82454880,"IDEALPRO","USD.CNH",0,6.69653,6.69719,0
2022-07-01,82455483,"IDEALPRO","USD.CNH",0,6.69665,6.69717,0
2022-07-01,82456085,"IDEALPRO","USD.CNH",0,6.6967,6.69716,0
2022-07-01,82458948,"IDEALPRO","USD.CNH",0,6.69657,6.69698,0
2022-07-01,82459150,"IDEALPRO","USD.CNH",0,6.69634,6.69689,0
2022-07-01,82501960,"IDEALPRO","USD.CNH",0,6.69648,6.6971,0
2022-07-01,82502964,"IDEALPRO","USD.CNH",0,6.69657,6.6971,0
2022-07-01,82503968,"IDEALPRO","USD.CNH",0,6.69662,6.69711,0
2022-07-01,82509872,"IDEALPRO","USD.CNH",0,6.69667,6.69711,0
2022-07-01,82518991,"IDEALPRO","USD.CNH",0,6.69669,6.69711,0
2022-07-01,82519795,"IDEALPRO","USD.CNH",0,6.69667,6.69711,0
2022-07-01,82528417,"IDEALPRO","USD.CNH",0,6.69662,6.69711,0
2022-07-01,82530024,"IDEALPRO","USD.CNH",0,6.69662,6.69719,0
2022-07-01,82534322,"IDEALPRO","USD.CNH",0,6.69667,6.69721,0
2022-07-01,82536926,"IDEALPRO","USD.CNH",0,6.69671,6.69721,0
2022-07-01,82537929,"IDEALPRO","USD.CNH",0,6.69684,6.69743,0
2022-07-01,82538932,"IDEALPRO","USD.CNH",0,6.69706,6.69771,0
2022-07-01,82539535,"IDEALPRO","USD.CNH",0,6.69721,6.69771,0
2022-07-01,82540539,"IDEALPRO","USD.CNH",0,6.69721,6.69771,0
2022-07-01,82543954,"IDEALPRO","USD.CNH",0,6.69725,6.69769,0
2022-07-01,82544998,"IDEALPRO","USD.CNH",0,6.69725,6.69773,0
2022-07-01,82545601,"IDEALPRO","USD.CNH",0,6.69725,6.69775,0
2022-07-01,82548614,"IDEALPRO","USD.CNH",0,6.69731,6.69797,0
2022-07-01,82549015,"IDEALPRO","USD.CNH",0,6.69731,6.69796,0
2022-07-01,82550824,"IDEALPRO","USD.CNH",0,6.69735,6.69796,0
2022-07-01,82551853,"IDEALPRO","USD.CNH",0,6.69755,6.69819,0
2022-07-01,82555909,"IDEALPRO","USD.CNH",0,6.69759,6.69819,0
2022-07-01,82556914,"IDEALPRO","USD.CNH",0,6.69763,6.69819,0
2022-07-01,82604077,"IDEALPRO","USD.CNH",0,6.69763,6.69821,0
2022-07-01,82623909,"IDEALPRO","USD.CNH",0,6.69803,6.69857,0
2022-07-01,82624110,"IDEALPRO","USD.CNH",0,6.69815,6.69857,0
2022-07-01,82626616,"IDEALPRO","USD.CNH",0,6.69788,6.69841,0
2022-07-01,82627821,"IDEALPRO","USD.CNH",0,6.6978,6.69828,0
2022-07-01,82628625,"IDEALPRO","USD.CNH",0,6.6978,6.69838,0
2022-07-01,82629520,"IDEALPRO","USD.CNH",0,6.69784,6.69838,0
2022-07-01,82632831,"IDEALPRO","USD.CNH",0,6.69785,6.69838,0
2022-07-01,82633929,"IDEALPRO","USD.CNH",0,6.69784,6.69838,0
2022-07-01,82634733,"IDEALPRO","USD.CNH",0,6.69808,6.69851,0
2022-07-01,82639943,"IDEALPRO","USD.CNH",0,6.69812,6.69851,0
2022-07-01,82644847,"IDEALPRO","USD.CNH",0,6.69807,6.69851,0
2022-07-01,82645747,"IDEALPRO","USD.CNH",0,6.69807,6.6985,0
2022-07-01,82647756,"IDEALPRO","USD.CNH",0,6.69807,6.69857,0
2022-07-01,82648759,"IDEALPRO","USD.CNH",0,6.69808,6.69857,0
2022-07-01,82649956,"IDEALPRO","USD.CNH",0,6.69806,6.69857,0
2022-07-01,82651964,"IDEALPRO","USD.CNH",0,6.69802,6.69857,0
2022-07-01,82653570,"IDEALPRO","USD.CNH",0,6.69806,6.69857,0
2022-07-01,82655818,"IDEALPRO","USD.CNH",0,6.69796,6.69857,0
2022-07-01,82657022,"IDEALPRO","USD.CNH",0,6.69802,6.69857,0
2022-07-01,82658875,"IDEALPRO","USD.CNH",0,6.69796,6.69857,0
2022-07-01,82700777,"IDEALPRO","USD.CNH",0,6.69792,6.69856,0
2022-07-01,82701580,"IDEALPRO","USD.CNH",0,6.69797,6.69856,0
2022-07-01,82702584,"IDEALPRO","USD.CNH",0,6.69792,6.69855,0
2022-07-01,82704284,"IDEALPRO","USD.CNH",0,6.69791,6.69852,0
2022-07-01,82707491,"IDEALPRO","USD.CNH",0,6.69791,6.69852,0
2022-07-01,82710199,"IDEALPRO","USD.CNH",0,6.69791,6.69852,0
2022-07-01,82712402,"IDEALPRO","USD.CNH",0,6.69791,6.69834,0
2022-07-01,82714612,"IDEALPRO","USD.CNH",0,6.69792,6.69834,0
2022-07-01,82716659,"IDEALPRO","USD.CNH",0,6.69791,6.69834,0
2022-07-01,82720219,"IDEALPRO","USD.CNH",0,6.69791,6.69842,0
2022-07-01,82721022,"IDEALPRO","USD.CNH",0,6.69791,6.69837,0
2022-07-01,82722628,"IDEALPRO","USD.CNH",0,6.69794,6.69837,0
2022-07-01,82723029,"IDEALPRO","USD.CNH",0,6.69791,6.69837,0
2022-07-01,82724625,"IDEALPRO","USD.CNH",0,6.69791,6.69838,0
2022-07-01,82726528,"IDEALPRO","USD.CNH",0,6.69794,6.69838,0
2022-07-01,82728332,"IDEALPRO","USD.CNH",0,6.69797,6.69834,0
2022-07-01,82729535,"IDEALPRO","USD.CNH",0,6.69797,6.69835,0
2022-07-01,82731941,"IDEALPRO","USD.CNH",0,6.69797,6.69838,0
2022-07-01,82735486,"IDEALPRO","USD.CNH",0,6.69778,6.69838,0
2022-07-01,82736289,"IDEALPRO","USD.CNH",0,6.6979,6.69838,0
2022-07-01,82739352,"IDEALPRO","USD.CNH",0,6.6979,6.69832,0
2022-07-01,82740957,"IDEALPRO","USD.CNH",0,6.69796,6.69832,0
2022-07-01,82742959,"IDEALPRO","USD.CNH",0,6.69794,6.69835,0
2022-07-01,82743963,"IDEALPRO","USD.CNH",0,6.69798,6.69846,0
2022-07-01,82744365,"IDEALPRO","USD.CNH",0,6.69798,6.69847,0
2022-07-01,82745006,"IDEALPRO","USD.CNH",0,6.69798,6.69851,0
2022-07-01,82746865,"IDEALPRO","USD.CNH",0,6.69788,6.69829,0
2022-07-01,82747869,"IDEALPRO","USD.CNH",0,6.69787,6.69829,0
2022-07-01,82751675,"IDEALPRO","USD.CNH",0,6.69791,6.69829,0
2022-07-01,82753485,"IDEALPRO","USD.CNH",0,6.69778,6.69829,0
2022-07-01,82755535,"IDEALPRO","USD.CNH",0,6.69778,6.69828,0
2022-07-01,82800894,"IDEALPRO","USD.CNH",0,6.69779,6.69833,0
2022-07-01,82801296,"IDEALPRO","USD.CNH",0,6.69779,6.69836,0
2022-07-01,82802587,"IDEALPRO","USD.CNH",0,6.69779,6.69837,0
2022-07-01,82803993,"IDEALPRO","USD.CNH",0,6.69784,6.69833,0
2022-07-01,82811603,"IDEALPRO","USD.CNH",0,6.69785,6.69833,0
2022-07-01,82813609,"IDEALPRO","USD.CNH",0,6.69785,6.69833,0
2022-07-01,82814708,"IDEALPRO","USD.CNH",0,6.698,6.69833,0
2022-07-01,82815549,"IDEALPRO","USD.CNH",0,6.69782,6.69833,0
2022-07-01,82816957,"IDEALPRO","USD.CNH",0,6.698,6.69832,0
2022-07-01,82820517,"IDEALPRO","USD.CNH",0,6.69795,6.69832,0
2022-07-01,82822125,"IDEALPRO","USD.CNH",0,6.69795,6.69833,0
2022-07-01,82823627,"IDEALPRO","USD.CNH",0,6.69787,6.69831,0
2022-07-01,82824866,"IDEALPRO","USD.CNH",0,6.69779,6.69829,0
2022-07-01,82825871,"IDEALPRO","USD.CNH",0,6.69779,6.69829,0
2022-07-01,82826673,"IDEALPRO","USD.CNH",0,6.69787,6.69833,0
2022-07-01,82827730,"IDEALPRO","USD.CNH",0,6.69776,6.69829,0
2022-07-01,82829836,"IDEALPRO","USD.CNH",0,6.69772,6.69829,0
2022-07-01,82830841,"IDEALPRO","USD.CNH",0,6.69776,6.69829,0
2022-07-01,82831850,"IDEALPRO","USD.CNH",0,6.69779,6.69829,0
2022-07-01,82832253,"IDEALPRO","USD.CNH",0,6.69779,6.69829,0
2022-07-01,82834642,"IDEALPRO","USD.CNH",0,6.69785,6.69832,0
2022-07-01,82837896,"IDEALPRO","USD.CNH",0,6.69775,6.69828,0
2022-07-01,82839100,"IDEALPRO","USD.CNH",0,6.69779,6.69828,0
2022-07-01,82841855,"IDEALPRO","USD.CNH",0,6.69785,6.69831,0
2022-07-01,82845963,"IDEALPRO","USD.CNH",0,6.69791,6.69833,0
2022-07-01,82850979,"IDEALPRO","USD.CNH",0,6.69796,6.69833,0
2022-07-01,82854677,"IDEALPRO","USD.CNH",0,6.69796,6.69833,0
2022-07-01,82856382,"IDEALPRO","USD.CNH",0,6.69795,6.69833,0
2022-07-01,82857787,"IDEALPRO","USD.CNH",0,6.69789,6.69833,0
2022-07-01,82859595,"IDEALPRO","USD.CNH",0,6.69787,6.69833,0
2022-07-01,82901602,"IDEALPRO","USD.CNH",0,6.69787,6.69833,0
2022-07-01,82905880,"IDEALPRO","USD.CNH",0,6.69785,6.6983,0
2022-07-01,82909495,"IDEALPRO","USD.CNH",0,6.6978,6.69829,0
2022-07-01,82912910,"IDEALPRO","USD.CNH",0,6.69777,6.69829,0
2022-07-01,82917521,"IDEALPRO","USD.CNH",0,6.6978,6.69829,0
2022-07-01,82918725,"IDEALPRO","USD.CNH",0,6.6978,6.69829,0
2022-07-01,82919523,"IDEALPRO","USD.CNH",0,6.69777,6.69829,0
2022-07-01,82920525,"IDEALPRO","USD.CNH",0,6.69773,6.69828,0
2022-07-01,82921828,"IDEALPRO","USD.CNH",0,6.69773,6.69828,0
2022-07-01,82925936,"IDEALPRO","USD.CNH",0,6.69769,6.69825,0
2022-07-01,82926337,"IDEALPRO","USD.CNH",0,6.6977,6.69825,0
2022-07-01,82932849,"IDEALPRO","USD.CNH",0,6.69776,6.69825,0
2022-07-01,82935298,"IDEALPRO","USD.CNH",0,6.69782,6.69825,0
2022-07-01,82941667,"IDEALPRO","USD.CNH",0,6.69782,6.69825,0
2022-07-01,82942565,"IDEALPRO","USD.CNH",0,6.69785,6.69827,0
2022-07-01,82944570,"IDEALPRO","USD.CNH",0,6.69779,6.69824,0
2022-07-01,82946876,"IDEALPRO","USD.CNH",0,6.69779,6.69822,0
2022-07-01,82948577,"IDEALPRO","USD.CNH",0,6.69779,6.69824,0
2022-07-01,83000903,"IDEALPRO","USD.CNH",0,6.69705,6.69775,0
2022-07-01,83001906,"IDEALPRO","USD.CNH",0,6.69698,6.69755,0
2022-07-01,83004517,"IDEALPRO","USD.CNH",0,6.69699,6.69755,0
2022-07-01,83005077,"IDEALPRO","USD.CNH",0,6.697,6.69751,0
2022-07-01,83011723,"IDEALPRO","USD.CNH",0,6.69706,6.69751,0
2022-07-01,83013627,"IDEALPRO","USD.CNH",0,6.69709,6.69753,0
2022-07-01,83016880,"IDEALPRO","USD.CNH",0,6.69704,6.69752,0
2022-07-01,83018486,"IDEALPRO","USD.CNH",0,6.697,6.69753,0
2022-07-01,83024109,"IDEALPRO","USD.CNH",0,6.69707,6.69751,0
2022-07-01,83033971,"IDEALPRO","USD.CNH",0,6.69707,6.69751,0
2022-07-01,83034574,"IDEALPRO","USD.CNH",0,6.69707,6.69751,0
2022-07-01,83101437,"IDEALPRO","USD.CNH",0,6.69702,6.69745,0
2022-07-01,83107758,"IDEALPRO","USD.CNH",0,6.69708,6.69747,0
2022-07-01,83108964,"IDEALPRO","USD.CNH",0,6.69704,6.69747,0
2022-07-01,83111856,"IDEALPRO","USD.CNH",0,6.69708,6.69747,0
2022-07-01,83113260,"IDEALPRO","USD.CNH",0,6.69704,6.69747,0
2022-07-01,83114266,"IDEALPRO","USD.CNH",0,6.69704,6.69747,0
2022-07-01,83116914,"IDEALPRO","USD.CNH",0,6.69704,6.69748,0
2022-07-01,83119926,"IDEALPRO","USD.CNH",0,6.69708,6.69748,0
2022-07-01,83120930,"IDEALPRO","USD.CNH",0,6.69707,6.69746,0
2022-07-01,83121934,"IDEALPRO","USD.CNH",0,6.69707,6.69746,0
2022-07-01,83126424,"IDEALPRO","USD.CNH",0,6.69708,6.69752,0
2022-07-01,83128634,"IDEALPRO","USD.CNH",0,6.69713,6.69755,0
2022-07-01,83136548,"IDEALPRO","USD.CNH",0,6.69711,6.69751,0
2022-07-01,83138603,"IDEALPRO","USD.CNH",0,6.69711,6.69751,0
2022-07-01,83139005,"IDEALPRO","USD.CNH",0,6.69705,6.69751,0
2022-07-01,83140010,"IDEALPRO","USD.CNH",0,6.69711,6.69751,0
2022-07-01,83141617,"IDEALPRO","USD.CNH",0,6.69713,6.69755,0
2022-07-01,83201852,"IDEALPRO","USD.CNH",0,6.69716,6.69759,0
2022-07-01,83202856,"IDEALPRO","USD.CNH",0,6.69762,6.69833,0
2022-07-01,83203861,"IDEALPRO","USD.CNH",0,6.69792,6.69838,0
2022-07-01,83204062,"IDEALPRO","USD.CNH",0,6.69792,6.69841,0
2022-07-01,83205882,"IDEALPRO","USD.CNH",0,6.69793,6.69839,0
2022-07-01,83208694,"IDEALPRO","USD.CNH",0,6.69793,6.69848,0
2022-07-01,83209699,"IDEALPRO","USD.CNH",0,6.69805,6.69852,0
2022-07-01,83212715,"IDEALPRO","USD.CNH",0,6.69805,6.69857,0
2022-07-01,83213117,"IDEALPRO","USD.CNH",0,6.69805,6.69859,0
2022-07-01,83215970,"IDEALPRO","USD.CNH",0,6.69813,6.69858,0
2022-07-01,83216974,"IDEALPRO","USD.CNH",0,6.69813,6.69859,0
2022-07-01,83218180,"IDEALPRO","USD.CNH",0,6.69813,6.69859,0
2022-07-01,83219184,"IDEALPRO","USD.CNH",0,6.69813,6.69859,0
2022-07-01,83222398,"IDEALPRO","USD.CNH",0,6.69813,6.69859,0
2022-07-01,83225453,"IDEALPRO","USD.CNH",0,6.69813,6.69858,0
2022-07-01,83226659,"IDEALPRO","USD.CNH",0,6.69813,6.69858,0
2022-07-01,83228064,"IDEALPRO","USD.CNH",0,6.69813,6.69857,0
2022-07-01,83230475,"IDEALPRO","USD.CNH",0,6.69813,6.69855,0
2022-07-01,83231077,"IDEALPRO","USD.CNH",0,6.69813,6.69857,0
2022-07-01,83238764,"IDEALPRO","USD.CNH",0,6.69813,6.69857,0
2022-07-01,83239567,"IDEALPRO","USD.CNH",0,6.69815,6.69857,0
2022-07-01,83244632,"IDEALPRO","USD.CNH",0,6.69813,6.69857,0
2022-07-01,83246480,"IDEALPRO","USD.CNH",0,6.69809,6.69857,0
2022-07-01,83248889,"IDEALPRO","USD.CNH",0,6.69813,6.69857,0
2022-07-01,83301664,"IDEALPRO","USD.CNH",0,6.69812,6.69857,0
2022-07-01,83302066,"IDEALPRO","USD.CNH",0,6.69812,6.69863,0
2022-07-01,83304838,"IDEALPRO","USD.CNH",0,6.69909,6.69953,0
2022-07-01,83305882,"IDEALPRO","USD.CNH",0,6.69901,6.69959,0
2022-07-01,83306083,"IDEALPRO","USD.CNH",0,6.69909,6.69968,0
2022-07-01,83308895,"IDEALPRO","USD.CNH",0,6.69913,6.69972,0
2022-07-01,83311685,"IDEALPRO","USD.CNH",0,6.69913,6.69977,0
2022-07-01,83312891,"IDEALPRO","USD.CNH",0,6.69916,6.69972,0
2022-07-01,83313694,"IDEALPRO","USD.CNH",0,6.6992,6.69971,0
2022-07-01,83314699,"IDEALPRO","USD.CNH",0,6.6992,6.69972,0
2022-07-01,83317751,"IDEALPRO","USD.CNH",0,6.6992,6.69974,0
2022-07-01,83320608,"IDEALPRO","USD.CNH",0,6.6992,6.69975,0
2022-07-01,83321612,"IDEALPRO","USD.CNH",0,6.69917,6.69975,0
2022-07-01,83323420,"IDEALPRO","USD.CNH",0,6.69926,6.69975,0
2022-07-01,83324022,"IDEALPRO","USD.CNH",0,6.69926,6.69979,0
2022-07-01,83325267,"IDEALPRO","USD.CNH",0,6.69933,6.69981,0
2022-07-01,83326071,"IDEALPRO","USD.CNH",0,6.69933,6.69984,0
2022-07-01,83327880,"IDEALPRO","USD.CNH",0,6.69955,6.69984,0
2022-07-01,83328884,"IDEALPRO","USD.CNH",0,6.69967,6.70001,0
2022-07-01,83329888,"IDEALPRO","USD.CNH",0,6.69967,6.69993,0
2022-07-01,83330932,"IDEALPRO","USD.CNH",0,6.69966,6.69989,0
2022-07-01,83331534,"IDEALPRO","USD.CNH",0,6.69965,6.69994,0
2022-07-01,83332538,"IDEALPRO","USD.CNH",0,6.69969,6.6999,0
2022-07-01,83337645,"IDEALPRO","USD.CNH",0,6.69966,6.69987,0
2022-07-01,83339550,"IDEALPRO","USD.CNH",0,6.69966,6.6999,0
2022-07-01,83340554,"IDEALPRO","USD.CNH",0,6.69966,6.69987,0
2022-07-01,83341960,"IDEALPRO","USD.CNH",0,6.6996,6.69986,0
2022-07-01,83342965,"IDEALPRO","USD.CNH",0,6.69972,6.7,0
2022-07-01,83343969,"IDEALPRO","USD.CNH",0,6.69971,6.70012,0
2022-07-01,83344371,"IDEALPRO","USD.CNH",0,6.69967,6.70012,0
2022-07-01,83345615,"IDEALPRO","USD.CNH",0,6.69966,6.70012,0
2022-07-01,83346219,"IDEALPRO","USD.CNH",0,6.69966,6.70006,0
2022-07-01,83352679,"IDEALPRO","USD.CNH",0,6.69964,6.70006,0
2022-07-01,83354487,"IDEALPRO","USD.CNH",0,6.69961,6.70006,0
2022-07-01,83355731,"IDEALPRO","USD.CNH",0,6.69961,6.70006,0
2022-07-01,83356988,"IDEALPRO","USD.CNH",0,6.69964,6.70002,0
2022-07-01,83406910,"IDEALPRO","USD.CNH",0,6.69924,6.69968,0
2022-07-01,83407915,"IDEALPRO","USD.CNH",0,6.69916,6.69961,0
2022-07-01,83408919,"IDEALPRO","USD.CNH",0,6.69916,6.69962,0
2022-07-01,83411129,"IDEALPRO","USD.CNH",0,6.69922,6.69968,0
2022-07-01,83412936,"IDEALPRO","USD.CNH",0,6.69924,6.69971,0
2022-07-01,83419637,"IDEALPRO","USD.CNH",0,6.69927,6.69977,0
2022-07-01,83423343,"IDEALPRO","USD.CNH",0,6.6993,6.69981,0
2022-07-01,83427751,"IDEALPRO","USD.CNH",0,6.6993,6.69981,0
2022-07-01,83433365,"IDEALPRO","USD.CNH",0,6.69935,6.69987,0
2022-07-01,83434368,"IDEALPRO","USD.CNH",0,6.69935,6.69984,0
2022-07-01,83437876,"IDEALPRO","USD.CNH",0,6.69933,6.69981,0
2022-07-01,83439286,"IDEALPRO","USD.CNH",0,6.69935,6.69981,0
2022-07-01,83440979,"IDEALPRO","USD.CNH",0,6.69935,6.69982,0
2022-07-01,83441983,"IDEALPRO","USD.CNH",0,6.69935,6.69984,0
2022-07-01,83442987,"IDEALPRO","USD.CNH",0,6.69935,6.69982,0
2022-07-01,83446489,"IDEALPRO","USD.CNH",0,6.69933,6.69987,0
2022-07-01,83459918,"IDEALPRO","USD.CNH",0,6.69933,6.69987,0
2022-07-01,83504838,"IDEALPRO","USD.CNH",0,6.69929,6.69987,0
2022-07-01,83519416,"IDEALPRO","USD.CNH",0,6.69912,6.69958,0
2022-07-01,83520821,"IDEALPRO","USD.CNH",0,6.69909,6.69958,0
2022-07-01,83521827,"IDEALPRO","USD.CNH",0,6.69897,6.69958,0
2022-07-01,83522830,"IDEALPRO","USD.CNH",0,6.6989,6.6995,0
2022-07-01,83523633,"IDEALPRO","USD.CNH",0,6.69881,6.69931,0
2022-07-01,83524236,"IDEALPRO","USD.CNH",0,6.69881,6.69941,0
2022-07-01,83525481,"IDEALPRO","USD.CNH",0,6.69885,6.69945,0
2022-07-01,83526887,"IDEALPRO","USD.CNH",0,6.6989,6.69945,0
2022-07-01,83528881,"IDEALPRO","USD.CNH",0,6.69906,6.69962,0
2022-07-01,83532698,"IDEALPRO","USD.CNH",0,6.69909,6.69962,0
2022-07-01,83537356,"IDEALPRO","USD.CNH",0,6.69909,6.69964,0
2022-07-01,83538401,"IDEALPRO","USD.CNH",0,6.69909,6.69969,0
2022-07-01,83550679,"IDEALPRO","USD.CNH",0,6.69908,6.69969,0
2022-07-01,83551282,"IDEALPRO","USD.CNH",0,6.69912,6.69969,0
2022-07-01,83556544,"IDEALPRO","USD.CNH",0,6.69908,6.69969,0
2022-07-01,83601566,"IDEALPRO","USD.CNH",0,6.69907,6.69969,0
2022-07-01,83605584,"IDEALPRO","USD.CNH",0,6.69906,6.69964,0
2022-07-01,83606989,"IDEALPRO","USD.CNH",0,6.69909,6.69966,0
2022-07-01,83607792,"IDEALPRO","USD.CNH",0,6.69909,6.69966,0
2022-07-01,83608596,"IDEALPRO","USD.CNH",0,6.69913,6.69966,0
2022-07-01,83610271,"IDEALPRO","USD.CNH",0,6.69913,6.69971,0
2022-07-01,83613279,"IDEALPRO","USD.CNH",0,6.69913,6.69968,0
2022-07-01,83614483,"IDEALPRO","USD.CNH",0,6.69914,6.69977,0
2022-07-01,83618888,"IDEALPRO","USD.CNH",0,6.69917,6.69977,0
2022-07-01,83619891,"IDEALPRO","USD.CNH",0,6.69917,6.69967,0
2022-07-01,83628308,"IDEALPRO","USD.CNH",0,6.69919,6.69962,0
2022-07-01,83639480,"IDEALPRO","USD.CNH",0,6.69912,6.69944,0
2022-07-01,83640484,"IDEALPRO","USD.CNH",0,6.69918,6.69944,0
2022-07-01,83651865,"IDEALPRO","USD.CNH",0,6.69886,6.69921,0
2022-07-01,83652870,"IDEALPRO","USD.CNH",0,6.69882,6.69901,0
2022-07-01,83653271,"IDEALPRO","USD.CNH",0,6.69889,6.69901,0
2022-07-01,83655721,"IDEALPRO","USD.CNH",0,6.69911,6.69971,0
2022-07-01,83656725,"IDEALPRO","USD.CNH",0,6.69922,6.69982,0
2022-07-01,83657730,"IDEALPRO","USD.CNH",0,6.69926,6.69984,0
2022-07-01,83700943,"IDEALPRO","USD.CNH",0,6.69918,6.69978,0
2022-07-01,83701345,"IDEALPRO","USD.CNH",0,6.69926,6.69985,0
2022-07-01,83702952,"IDEALPRO","USD.CNH",0,6.69918,6.69978,0
2022-07-01,83703956,"IDEALPRO","USD.CNH",0,6.69915,6.69975,0
2022-07-01,83704558,"IDEALPRO","USD.CNH",0,6.6991,6.6997,0
2022-07-01,83705079,"IDEALPRO","USD.CNH",0,6.69909,6.69967,0
2022-07-01,83709594,"IDEALPRO","USD.CNH",0,6.69922,6.69977,0
2022-07-01,83713607,"IDEALPRO","USD.CNH",0,6.69922,6.69974,0
2022-07-01,83715548,"IDEALPRO","USD.CNH",0,6.69922,6.69969,0
2022-07-01,83718561,"IDEALPRO","USD.CNH",0,6.69922,6.69965,0
2022-07-01,83719967,"IDEALPRO","USD.CNH",0,6.69922,6.69959,0
2022-07-01,83721975,"IDEALPRO","USD.CNH",0,6.69922,6.69957,0
2022-07-01,83722823,"IDEALPRO","USD.CNH",0,6.69922,6.69956,0
2022-07-01,83723627,"IDEALPRO","USD.CNH",0,6.69922,6.69953,0
2022-07-01,83724831,"IDEALPRO","USD.CNH",0,6.69922,6.69953,0
2022-07-01,83725830,"IDEALPRO","USD.CNH",0,6.69922,6.69957,0
2022-07-01,83726633,"IDEALPRO","USD.CNH",0,6.69922,6.69953,0
2022-07-01,83727839,"IDEALPRO","USD.CNH",0,6.69922,6.69953,0
2022-07-01,83728642,"IDEALPRO","USD.CNH",0,6.69922,6.69956,0
2022-07-01,83729838,"IDEALPRO","USD.CNH",0,6.69926,6.69956,0
2022-07-01,83730642,"IDEALPRO","USD.CNH",0,6.69926,6.6995,0
2022-07-01,83731848,"IDEALPRO","USD.CNH",0,6.69926,6.6995,0
2022-07-01,83732450,"IDEALPRO","USD.CNH",0,6.69926,6.69951,0
2022-07-01,83733254,"IDEALPRO","USD.CNH",0,6.69926,6.69953,0
2022-07-01,83734459,"IDEALPRO","USD.CNH",0,6.69926,6.69946,0
2022-07-01,83735906,"IDEALPRO","USD.CNH",0,6.69926,6.69942,0
2022-07-01,83737855,"IDEALPRO","USD.CNH",0,6.69926,6.69942,0
2022-07-01,83738861,"IDEALPRO","USD.CNH",0,6.69917,6.69945,0
2022-07-01,83741672,"IDEALPRO","USD.CNH",0,6.69926,6.69945,0
2022-07-01,83742878,"IDEALPRO","USD.CNH",0,6.69917,6.69945,0
2022-07-01,83743681,"IDEALPRO","USD.CNH",0,6.69926,6.69945,0
2022-07-01,83744484,"IDEALPRO","USD.CNH",0,6.69903,6.69945,0
2022-07-01,83745728,"IDEALPRO","USD.CNH",0,6.69903,6.69945,0
2022-07-01,83746732,"IDEALPRO","USD.CNH",0,6.69906,6.69951,0
2022-07-01,83748741,"IDEALPRO","USD.CNH",0,6.69917,6.69951,0
2022-07-01,83749946,"IDEALPRO","USD.CNH",0,6.6992,6.69957,0
2022-07-01,83750949,"IDEALPRO","USD.CNH",0,6.6992,6.69959,0
2022-07-01,83751985,"IDEALPRO","USD.CNH",0,6.6992,6.69949,0
2022-07-01,83752788,"IDEALPRO","USD.CNH",0,6.69902,6.69943,0
2022-07-01,83753792,"IDEALPRO","USD.CNH",0,6.69913,6.69936,0
2022-07-01,83755638,"IDEALPRO","USD.CNH",0,6.69913,6.69932,0
2022-07-01,83757797,"IDEALPRO","USD.CNH",0,6.69913,6.69936,0
2022-07-01,83758801,"IDEALPRO","USD.CNH",0,6.69913,6.69936,0
2022-07-01,83759203,"IDEALPRO","USD.CNH",0,6.69913,6.69936,0
2022-07-01,83800809,"IDEALPRO","USD.CNH",0,6.69913,6.69942,0
2022-07-01,83803909,"IDEALPRO","USD.CNH",0,6.69913,6.69936,0
2022-07-01,83804312,"IDEALPRO","USD.CNH",0,6.69913,6.69934,0
2022-07-01,83805681,"IDEALPRO","USD.CNH",0,6.69913,6.69934,0
2022-07-01,83806082,"IDEALPRO","USD.CNH",0,6.69913,6.6993,0
2022-07-01,83808922,"IDEALPRO","USD.CNH",0,6.69913,6.6993,0
2022-07-01,83814737,"IDEALPRO","USD.CNH",0,6.69913,6.69936,0
2022-07-01,83815836,"IDEALPRO","USD.CNH",0,6.69911,6.69934,0
2022-07-01,83816639,"IDEALPRO","USD.CNH",0,6.69917,6.69934,0
2022-07-01,83818046,"IDEALPRO","USD.CNH",0,6.69916,6.69934,0
2022-07-01,83823956,"IDEALPRO","USD.CNH",0,6.69881,6.69942,0
2022-07-01,83824999,"IDEALPRO","USD.CNH",0,6.69859,6.69934,0
2022-07-01,83825601,"IDEALPRO","USD.CNH",0,6.6986,6.69934,0
2022-07-01,83826808,"IDEALPRO","USD.CNH",0,6.6986,6.69936,0
2022-07-01,83827864,"IDEALPRO","USD.CNH",0,6.69885,6.6994,0
2022-07-01,83828266,"IDEALPRO","USD.CNH",0,6.69885,6.69953,0
2022-07-01,83829472,"IDEALPRO","USD.CNH",0,6.69885,6.69956,0
2022-07-01,83833877,"IDEALPRO","USD.CNH",0,6.69885,6.69929,0
2022-07-01,83834881,"IDEALPRO","USD.CNH",0,6.69881,6.69932,0
2022-07-01,83835523,"IDEALPRO","USD.CNH",0,6.69881,6.6993,0
2022-07-01,83836931,"IDEALPRO","USD.CNH",0,6.69881,6.69929,0
2022-07-01,83837985,"IDEALPRO","USD.CNH",0,6.69881,6.6993,0
2022-07-01,83838788,"IDEALPRO","USD.CNH",0,6.69881,6.69928,0
2022-07-01,83839592,"IDEALPRO","USD.CNH",0,6.69881,6.69927,0
2022-07-01,83840798,"IDEALPRO","USD.CNH",0,6.69881,6.69925,0
2022-07-01,83841893,"IDEALPRO","USD.CNH",0,6.6989,6.69959,0
2022-07-01,83842898,"IDEALPRO","USD.CNH",0,6.69892,6.69946,0
2022-07-01,83843500,"IDEALPRO","USD.CNH",0,6.69898,6.69946,0
2022-07-01,83844945,"IDEALPRO","USD.CNH",0,6.69891,6.69944,0
2022-07-01,83845146,"IDEALPRO","USD.CNH",0,6.69885,6.69944,0
2022-07-01,83846351,"IDEALPRO","USD.CNH",0,6.69885,6.69942,0
2022-07-01,83847957,"IDEALPRO","USD.CNH",0,6.69885,6.69944,0
2022-07-01,83849965,"IDEALPRO","USD.CNH",0,6.69885,6.69943,0
2022-07-01,83852576,"IDEALPRO","USD.CNH",0,6.69888,6.69943,0
2022-07-01,83855626,"IDEALPRO","USD.CNH",0,6.69885,6.69941,0
2022-07-01,83857031,"IDEALPRO","USD.CNH",0,6.69886,6.69944,0
2022-07-01,83900943,"IDEALPRO","USD.CNH",0,6.69886,6.6994,0
2022-07-01,83901345,"IDEALPRO","USD.CNH",0,6.69886,6.6993,0
2022-07-01,83902149,"IDEALPRO","USD.CNH",0,6.69886,6.69928,0
2022-07-01,83903354,"IDEALPRO","USD.CNH",0,6.69883,6.69928,0
2022-07-01,83904761,"IDEALPRO","USD.CNH",0,6.69884,6.69928,0
2022-07-01,83905564,"IDEALPRO","USD.CNH",0,6.69885,6.69928,0
2022-07-01,83906568,"IDEALPRO","USD.CNH",0,6.6989,6.69928,0
2022-07-01,83908653,"IDEALPRO","USD.CNH",0,6.6989,6.69928,0
2022-07-01,83909554,"IDEALPRO","USD.CNH",0,6.69887,6.69928,0
2022-07-01,83910056,"IDEALPRO","USD.CNH",0,6.69898,6.69928,0
2022-07-01,83919132,"IDEALPRO","USD.CNH",0,6.69898,6.69927,0
2022-07-01,83923955,"IDEALPRO","USD.CNH",0,6.699,6.69934,0
2022-07-01,83924959,"IDEALPRO","USD.CNH",0,6.699,6.69927,0
2022-07-01,83925803,"IDEALPRO","USD.CNH",0,6.69899,6.69931,0
2022-07-01,83926204,"IDEALPRO","USD.CNH",0,6.69897,6.69931,0
2022-07-01,83928012,"IDEALPRO","USD.CNH",0,6.69899,6.69931,0
2022-07-01,83929217,"IDEALPRO","USD.CNH",0,6.69899,6.69936,0
2022-07-01,83932030,"IDEALPRO","USD.CNH",0,6.69899,6.69943,0
2022-07-01,83934005,"IDEALPRO","USD.CNH",0,6.69899,6.69938,0
2022-07-01,83937257,"IDEALPRO","USD.CNH",0,6.699,6.69938,0
2022-07-01,83938061,"IDEALPRO","USD.CNH",0,6.699,6.69933,0
2022-07-01,83939468,"IDEALPRO","USD.CNH",0,6.69894,6.69929,0
2022-07-01,83940673,"IDEALPRO","USD.CNH",0,6.69896,6.69929,0
2022-07-01,83942481,"IDEALPRO","USD.CNH",0,6.69899,6.69929,0
2022-07-01,83943887,"IDEALPRO","USD.CNH",0,6.69894,6.69929,0
2022-07-01,83944489,"IDEALPRO","USD.CNH",0,6.699,6.69938,0
2022-07-01,83949950,"IDEALPRO","USD.CNH",0,6.699,6.69934,0
2022-07-01,83953048,"IDEALPRO","USD.CNH",0,6.699,6.69938,0
2022-07-01,83954856,"IDEALPRO","USD.CNH",0,6.69897,6.69934,0
2022-07-01,83956299,"IDEALPRO","USD.CNH",0,6.69895,6.69937,0
2022-07-01,83958106,"IDEALPRO","USD.CNH",0,6.69895,6.69933,0
2022-07-01,84003970,"IDEALPRO","USD.CNH",0,6.69884,6.69926,0
2022-07-01,84004774,"IDEALPRO","USD.CNH",0,6.69864,6.69911,0
2022-07-01,84008991,"IDEALPRO","USD.CNH",0,6.69865,6.69917,0
2022-07-01,84010998,"IDEALPRO","USD.CNH",0,6.69861,6.69906,0
2022-07-01,84014211,"IDEALPRO","USD.CNH",0,6.69861,6.6991,0
2022-07-01,84016057,"IDEALPRO","USD.CNH",0,6.69865,6.69915,0
2022-07-01,84017061,"IDEALPRO","USD.CNH",0,6.6987,6.69919,0
2022-07-01,84019070,"IDEALPRO","USD.CNH",0,6.69874,6.6993,0
2022-07-01,84021078,"IDEALPRO","USD.CNH",0,6.6987,6.69926,0
2022-07-01,84022485,"IDEALPRO","USD.CNH",0,6.69865,6.69926,0
2022-07-01,84023490,"IDEALPRO","USD.CNH",0,6.69865,6.69926,0
2022-07-01,84024092,"IDEALPRO","USD.CNH",0,6.69865,6.6992,0
2022-07-01,84025136,"IDEALPRO","USD.CNH",0,6.69861,6.69918,0
2022-07-01,84027220,"IDEALPRO","USD.CNH",0,6.69861,6.6992,0
2022-07-01,84028024,"IDEALPRO","USD.CNH",0,6.69865,6.6992,0
2022-07-01,84029026,"IDEALPRO","USD.CNH",0,6.69861,6.69918,0
2022-07-01,84030031,"IDEALPRO","USD.CNH",0,6.69865,6.69918,0
2022-07-01,84032843,"IDEALPRO","USD.CNH",0,6.69865,6.69918,0
2022-07-01,84034048,"IDEALPRO","USD.CNH",0,6.69868,6.69922,0
2022-07-01,84035091,"IDEALPRO","USD.CNH",0,6.69873,6.69926,0
2022-07-01,84037945,"IDEALPRO","USD.CNH",0,6.69868,6.69926,0
2022-07-01,84038346,"IDEALPRO","USD.CNH",0,6.69868,6.69922,0
2022-07-01,84041050,"IDEALPRO","USD.CNH",0,6.69873,6.69927,0
2022-07-01,84043057,"IDEALPRO","USD.CNH",0,6.69877,6.69929,0
2022-07-01,84045105,"IDEALPRO","USD.CNH",0,6.6987,6.69921,0
2022-07-01,84046107,"IDEALPRO","USD.CNH",0,6.69865,6.69917,0
2022-07-01,84047110,"IDEALPRO","USD.CNH",0,6.69865,6.69921,0
2022-07-01,84048970,"IDEALPRO","USD.CNH",0,6.69863,6.69922,0
2022-07-01,84049973,"IDEALPRO","USD.CNH",0,6.69867,6.69922,0
2022-07-01,84051981,"IDEALPRO","USD.CNH",0,6.69863,6.6992,0
2022-07-01,84052986,"IDEALPRO","USD.CNH",0,6.69872,6.69924,0
2022-07-01,84056082,"IDEALPRO","USD.CNH",0,6.69876,6.69924,0
2022-07-01,84057888,"IDEALPRO","USD.CNH",0,6.69876,6.69926,0
2022-07-01,84058892,"IDEALPRO","USD.CNH",0,6.69873,6.69924,0
2022-07-01,84059092,"IDEALPRO","USD.CNH",0,6.69876,6.69926,0
2022-07-01,84100900,"IDEALPRO","USD.CNH",0,6.6988,6.69926,0
2022-07-01,84101101,"IDEALPRO","USD.CNH",0,6.69876,6.69926,0
2022-07-01,84102908,"IDEALPRO","USD.CNH",0,6.69876,6.69925,0
2022-07-01,84103911,"IDEALPRO","USD.CNH",0,6.69876,6.69925,0
2022-07-01,84104840,"IDEALPRO","USD.CNH",0,6.6988,6.69925,0
2022-07-01,84106888,"IDEALPRO","USD.CNH",0,6.69883,6.69929,0
2022-07-01,84107909,"IDEALPRO","USD.CNH",0,6.69894,6.6994,0
2022-07-01,84108913,"IDEALPRO","USD.CNH",0,6.69908,6.69953,0
2022-07-01,84110920,"IDEALPRO","USD.CNH",0,6.69906,6.69954,0
2022-07-01,84111322,"IDEALPRO","USD.CNH",0,6.69902,6.69949,0
2022-07-01,84123654,"IDEALPRO","USD.CNH",0,6.69919,6.69957,0
2022-07-01,84124457,"IDEALPRO","USD.CNH",0,6.69925,6.69965,0
2022-07-01,84125501,"IDEALPRO","USD.CNH",0,6.69925,6.69965,0
2022-07-01,84127110,"IDEALPRO","USD.CNH",0,6.69925,6.69965,0
2022-07-01,84128715,"IDEALPRO","USD.CNH",0,6.69923,6.69965,0
2022-07-01,84129919,"IDEALPRO","USD.CNH",0,6.69917,6.69955,0
2022-07-01,84130120,"IDEALPRO","USD.CNH",0,6.69917,6.69949,0
2022-07-01,84131927,"IDEALPRO","USD.CNH",0,6.69866,6.69888,0
2022-07-01,84132931,"IDEALPRO","USD.CNH",0,6.69868,6.69893,0
2022-07-01,84133936,"IDEALPRO","USD.CNH",0,6.69778,6.69813,0
2022-07-01,84134941,"IDEALPRO","USD.CNH",0,6.69751,6.69802,0
2022-07-01,84135784,"IDEALPRO","USD.CNH",0,6.69758,6.69795,0
2022-07-01,84136185,"IDEALPRO","USD.CNH",0,6.69752,6.69794,0
2022-07-01,84137792,"IDEALPRO","USD.CNH",0,6.69753,6.69794,0
2022-07-01,84138796,"IDEALPRO","USD.CNH",0,6.69748,6.69794,0
2022-07-01,84139201,"IDEALPRO","USD.CNH",0,6.6975,6.69794,0
2022-07-01,84140205,"IDEALPRO","USD.CNH",0,6.6975,6.69785,0
2022-07-01,84141585,"IDEALPRO","USD.CNH",0,6.6975,6.69785,0
2022-07-01,84142791,"IDEALPRO","USD.CNH",0,6.69793,6.69821,0
2022-07-01,84143595,"IDEALPRO","USD.CNH",0,6.69784,6.69822,0
2022-07-01,84144799,"IDEALPRO","USD.CNH",0,6.69771,6.69816,0
2022-07-01,84145843,"IDEALPRO","USD.CNH",0,6.6978,6.69815,0
2022-07-01,84146847,"IDEALPRO","USD.CNH",0,6.69771,6.69815,0
2022-07-01,84147851,"IDEALPRO","USD.CNH",0,6.69798,6.69828,0
2022-07-01,84148654,"IDEALPRO","USD.CNH",0,6.69792,6.69828,0
2022-07-01,84150504,"IDEALPRO","USD.CNH",0,6.6979,6.69818,0
2022-07-01,84151107,"IDEALPRO","USD.CNH",0,6.69787,6.69818,0
2022-07-01,84153718,"IDEALPRO","USD.CNH",0,6.69787,6.69818,0
2022-07-01,84154521,"IDEALPRO","USD.CNH",0,6.6979,6.69818,0
2022-07-01,84155163,"IDEALPRO","USD.CNH",0,6.69787,6.69818,0
2022-07-01,84159581,"IDEALPRO","USD.CNH",0,6.69785,6.69798,0
2022-07-01,84201828,"IDEALPRO","USD.CNH",0,6.69816,6.69839,0
2022-07-01,84202029,"IDEALPRO","USD.CNH",0,6.69808,6.69839,0
2022-07-01,84204841,"IDEALPRO","USD.CNH",0,6.69793,6.69817,0
2022-07-01,84205882,"IDEALPRO","USD.CNH",0,6.69774,6.69796,0
2022-07-01,84206886,"IDEALPRO","USD.CNH",0,6.69761,6.69796,0
2022-07-01,84208894,"IDEALPRO","USD.CNH",0,6.69785,6.69806,0
2022-07-01,84209898,"IDEALPRO","USD.CNH",0,6.69778,6.69803,0
2022-07-01,84210099,"IDEALPRO","USD.CNH",0,6.69776,6.69803,0
2022-07-01,84214918,"IDEALPRO","USD.CNH",0,6.69779,6.69805,0
2022-07-01,84215962,"IDEALPRO","USD.CNH",0,6.69804,6.69856,0
2022-07-01,84216363,"IDEALPRO","USD.CNH",0,6.69805,6.69856,0
2022-07-01,84217454,"IDEALPRO","USD.CNH",0,6.69808,6.69856,0
2022-07-01,84218659,"IDEALPRO","USD.CNH",0,6.69804,6.69856,0
2022-07-01,84221670,"IDEALPRO","USD.CNH",0,6.69803,6.69856,0
2022-07-01,84224883,"IDEALPRO","USD.CNH",0,6.69803,6.69855,0
2022-07-01,84225925,"IDEALPRO","USD.CNH",0,6.69832,6.69863,0
2022-07-01,84226328,"IDEALPRO","USD.CNH",0,6.69832,6.69867,0
2022-07-01,84228337,"IDEALPRO","USD.CNH",0,6.69832,6.69869,0
2022-07-01,84229342,"IDEALPRO","USD.CNH",0,6.69832,6.69867,0
2022-07-01,84230747,"IDEALPRO","USD.CNH",0,6.69832,6.69863,0
2022-07-01,84231953,"IDEALPRO","USD.CNH",0,6.6983,6.69871,0
2022-07-01,84234766,"IDEALPRO","USD.CNH",0,6.698,6.6986,0
2022-07-01,84236009,"IDEALPRO","USD.CNH",0,6.69806,6.6986,0
2022-07-01,84237214,"IDEALPRO","USD.CNH",0,6.69804,6.69857,0
2022-07-01,84238419,"IDEALPRO","USD.CNH",0,6.69802,6.69857,0
2022-07-01,84239895,"IDEALPRO","USD.CNH",0,6.69801,6.6986,0
2022-07-01,84240900,"IDEALPRO","USD.CNH",0,6.69804,6.69864,0
2022-07-01,84241903,"IDEALPRO","USD.CNH",0,6.69804,6.69864,0
2022-07-01,84242907,"IDEALPRO","USD.CNH",0,6.69811,6.69864,0
2022-07-01,84244904,"IDEALPRO","USD.CNH",0,6.69806,6.69864,0
2022-07-01,84245948,"IDEALPRO","USD.CNH",0,6.69804,6.69864,0
2022-07-01,84247405,"IDEALPRO","USD.CNH",0,6.69813,6.69864,0
2022-07-01,84248005,"IDEALPRO","USD.CNH",0,6.69811,6.69864,0
2022-07-01,84249010,"IDEALPRO","USD.CNH",0,6.69806,6.69864,0
2022-07-01,84250014,"IDEALPRO","USD.CNH",0,6.69804,6.69864,0
2022-07-01,84251219,"IDEALPRO","USD.CNH",0,6.69804,6.69864,0
2022-07-01,84252223,"IDEALPRO","USD.CNH",0,6.69804,6.69865,0
2022-07-01,84253027,"IDEALPRO","USD.CNH",0,6.69804,6.69864,0
2022-07-01,84254216,"IDEALPRO","USD.CNH",0,6.69808,6.69869,0
2022-07-01,84300326,"IDEALPRO","USD.CNH",0,6.69807,6.69868,0
2022-07-01,84302936,"IDEALPRO","USD.CNH",0,6.69798,6.69861,0
2022-07-01,84303940,"IDEALPRO","USD.CNH",0,6.69803,6.69865,0
2022-07-01,84305885,"IDEALPRO","USD.CNH",0,6.69787,6.69853,0
2022-07-01,84306487,"IDEALPRO","USD.CNH",0,6.69784,6.69851,0
2022-07-01,84307692,"IDEALPRO","USD.CNH",0,6.69786,6.69854,0
2022-07-01,84308898,"IDEALPRO","USD.CNH",0,6.69794,6.69863,0
2022-07-01,84309900,"IDEALPRO","USD.CNH",0,6.69789,6.69857,0
2022-07-01,84310503,"IDEALPRO","USD.CNH",0,6.69795,6.69864,0
2022-07-01,84311544,"IDEALPRO","USD.CNH",0,6.69788,6.69857,0
2022-07-01,84312946,"IDEALPRO","USD.CNH",0,6.69787,6.69857,0
2022-07-01,84313749,"IDEALPRO","USD.CNH",0,6.69796,6.69866,0
2022-07-01,84316955,"IDEALPRO","USD.CNH",0,6.69797,6.69867,0
2022-07-01,84317655,"IDEALPRO","USD.CNH",0,6.69793,6.69859,0
2022-07-01,84318057,"IDEALPRO","USD.CNH",0,6.69795,6.69866,0
2022-07-01,84319061,"IDEALPRO","USD.CNH",0,6.69795,6.6986,0
2022-07-01,84320064,"IDEALPRO","USD.CNH",0,6.69795,6.69866,0
2022-07-01,84321872,"IDEALPRO","USD.CNH",0,6.69791,6.6986,0
2022-07-01,84322675,"IDEALPRO","USD.CNH",0,6.69801,6.6986,0
2022-07-01,84323881,"IDEALPRO","USD.CNH",0,6.69794,6.6986,0
2022-07-01,84326530,"IDEALPRO","USD.CNH",0,6.69794,6.69859,0
2022-07-01,84327333,"IDEALPRO","USD.CNH",0,6.698,6.69859,0
2022-07-01,84328539,"IDEALPRO","USD.CNH",0,6.69796,6.69859,0
2022-07-01,84329978,"IDEALPRO","USD.CNH",0,6.69743,6.69811,0
2022-07-01,84330580,"IDEALPRO","USD.CNH",0,6.69731,6.69783,0
2022-07-01,84331183,"IDEALPRO","USD.CNH",0,6.69731,6.69783,0
2022-07-01,84332984,"IDEALPRO","USD.CNH",0,6.69761,6.69811,0
2022-07-01,84333988,"IDEALPRO","USD.CNH",0,6.69767,6.69817,0
2022-07-01,84334391,"IDEALPRO","USD.CNH",0,6.69771,6.69815,0
2022-07-01,84341908,"IDEALPRO","USD.CNH",0,6.69774,6.69826,0
2022-07-01,84342712,"IDEALPRO","USD.CNH",0,6.69763,6.69827,0
2022-07-01,84343315,"IDEALPRO","USD.CNH",0,6.6977,6.69836,0
2022-07-01,84344922,"IDEALPRO","USD.CNH",0,6.69761,6.69823,0
2022-07-01,84345362,"IDEALPRO","USD.CNH",0,6.6976,6.69821,0
2022-07-01,84347572,"IDEALPRO","USD.CNH",0,6.6976,6.69819,0
2022-07-01,84348778,"IDEALPRO","USD.CNH",0,6.6976,6.69818,0
2022-07-01,84349782,"IDEALPRO","USD.CNH",0,6.6976,6.69821,0
2022-07-01,84350785,"IDEALPRO","USD.CNH",0,6.6976,6.69811,0
2022-07-01,84351992,"IDEALPRO","USD.CNH",0,6.69831,6.69884,0
2022-07-01,84352795,"IDEALPRO","USD.CNH",0,6.69849,6.69902,0
2022-07-01,84353798,"IDEALPRO","USD.CNH",0,6.69831,6.69892,0
2022-07-01,84357654,"IDEALPRO","USD.CNH",0,6.69825,6.69885,0
2022-07-01,84358258,"IDEALPRO","USD.CNH",0,6.6983,6.69885,0
2022-07-01,84359865,"IDEALPRO","USD.CNH",0,6.69825,6.69885,0
2022-07-01,84403442,"IDEALPRO","USD.CNH",0,6.69831,6.69885,0
2022-07-01,84404445,"IDEALPRO","USD.CNH",0,6.69824,6.69885,0
2022-07-01,84409553,"IDEALPRO","USD.CNH",0,6.69838,6.69885,0
2022-07-01,84411559,"IDEALPRO","USD.CNH",0,6.69835,6.69885,0
2022-07-01,84413860,"IDEALPRO","USD.CNH",0,6.69835,6.69881,0
2022-07-01,84420777,"IDEALPRO","USD.CNH",0,6.69827,6.69881,0
2022-07-01,84422675,"IDEALPRO","USD.CNH",0,6.69828,6.69881,0
2022-07-01,84423479,"IDEALPRO","USD.CNH",0,6.69823,6.69885,0
2022-07-01,84424884,"IDEALPRO","USD.CNH",0,6.69825,6.69888,0
2022-07-01,84425927,"IDEALPRO","USD.CNH",0,6.69816,6.69877,0
2022-07-01,84426328,"IDEALPRO","USD.CNH",0,6.69821,6.69885,0
2022-07-01,84427585,"IDEALPRO","USD.CNH",0,6.69821,6.69885,0
2022-07-01,84429592,"IDEALPRO","USD.CNH",0,6.6982,6.69885,0
2022-07-01,84430790,"IDEALPRO","USD.CNH",0,6.69817,6.6988,0
2022-07-01,84431996,"IDEALPRO","USD.CNH",0,6.69821,6.69886,0
2022-07-01,84433194,"IDEALPRO","USD.CNH",0,6.69817,6.69881,0
2022-07-01,84434197,"IDEALPRO","USD.CNH",0,6.69821,6.69886,0
2022-07-01,84435844,"IDEALPRO","USD.CNH",0,6.69816,6.69881,0
2022-07-01,84438052,"IDEALPRO","USD.CNH",0,6.69817,6.69882,0
2022-07-01,84439106,"IDEALPRO","USD.CNH",0,6.69816,6.69882,0
2022-07-01,84441816,"IDEALPRO","USD.CNH",0,6.6982,6.69887,0
2022-07-01,84443422,"IDEALPRO","USD.CNH",0,6.69822,6.69889,0
2022-07-01,84444715,"IDEALPRO","USD.CNH",0,6.6982,6.69888,0
2022-07-01,84446420,"IDEALPRO","USD.CNH",0,6.69817,6.69884,0
2022-07-01,84447627,"IDEALPRO","USD.CNH",0,6.6982,6.69889,0
2022-07-01,84448027,"IDEALPRO","USD.CNH",0,6.69816,6.69884,0
2022-07-01,84451844,"IDEALPRO","USD.CNH",0,6.69828,6.69896,0
2022-07-01,84453048,"IDEALPRO","USD.CNH",0,6.69833,6.69902,0
2022-07-01,84454633,"IDEALPRO","USD.CNH",0,6.69829,6.69898,0
2022-07-01,84456980,"IDEALPRO","USD.CNH",0,6.69827,6.69896,0
2022-07-01,84505898,"IDEALPRO","USD.CNH",0,6.6983,6.69899,0
2022-07-01,84506701,"IDEALPRO","USD.CNH",0,6.69831,6.69899,0
2022-07-01,84507102,"IDEALPRO","USD.CNH",0,6.69831,6.69899,0
2022-07-01,84508709,"IDEALPRO","USD.CNH",0,6.69824,6.69893,0
2022-07-01,84512122,"IDEALPRO","USD.CNH",0,6.69825,6.69894,0
2022-07-01,84513665,"IDEALPRO","USD.CNH",0,6.69824,6.69893,0
2022-07-01,84514670,"IDEALPRO","USD.CNH",0,6.69821,6.69892,0
2022-07-01,84515511,"IDEALPRO","USD.CNH",0,6.69821,6.69892,0
2022-07-01,84516314,"IDEALPRO","USD.CNH",0,6.69821,6.69886,0
2022-07-01,84519475,"IDEALPRO","USD.CNH",0,6.69824,6.69886,0
2022-07-01,84520078,"IDEALPRO","USD.CNH",0,6.69817,6.69886,0
2022-07-01,84521885,"IDEALPRO","USD.CNH",0,6.69821,6.69886,0
2022-07-01,84523581,"IDEALPRO","USD.CNH",0,6.6982,6.69886,0
2022-07-01,84525627,"IDEALPRO","USD.CNH",0,6.69823,6.69886,0
2022-07-01,84527838,"IDEALPRO","USD.CNH",0,6.69826,6.69886,0
2022-07-01,84528440,"IDEALPRO","USD.CNH",0,6.69826,6.69874,0
2022-07-01,84529043,"IDEALPRO","USD.CNH",0,6.69825,6.69874,0
2022-07-01,84530851,"IDEALPRO","USD.CNH",0,6.69826,6.69874,0
2022-07-01,84531655,"IDEALPRO","USD.CNH",0,6.69826,6.69874,0
2022-07-01,84532258,"IDEALPRO","USD.CNH",0,6.69823,6.69874,0
2022-07-01,84536850,"IDEALPRO","USD.CNH",0,6.69827,6.69874,0
2022-07-01,84537251,"IDEALPRO","USD.CNH",0,6.69823,6.69874,0
2022-07-01,84540264,"IDEALPRO","USD.CNH",0,6.69824,6.69874,0
2022-07-01,84541669,"IDEALPRO","USD.CNH",0,6.69823,6.69874,0
2022-07-01,84551835,"IDEALPRO","USD.CNH",0,6.69821,6.69867,0
2022-07-01,84603670,"IDEALPRO","USD.CNH",0,6.69821,6.69866,0
2022-07-01,84604842,"IDEALPRO","USD.CNH",0,6.69771,6.69821,0
2022-07-01,84605886,"IDEALPRO","USD.CNH",0,6.69714,6.69764,0
2022-07-01,84606288,"IDEALPRO","USD.CNH",0,6.69717,6.69767,0
2022-07-01,84607895,"IDEALPRO","USD.CNH",0,6.6972,6.69765,0
2022-07-01,84608899,"IDEALPRO","USD.CNH",0,6.69715,6.69761,0
2022-07-01,84609970,"IDEALPRO","USD.CNH",0,6.69715,6.69761,0
2022-07-01,84610171,"IDEALPRO","USD.CNH",0,6.69715,6.69761,0
2022-07-01,84612781,"IDEALPRO","USD.CNH",0,6.69715,6.69761,0
2022-07-01,84623999,"IDEALPRO","USD.CNH",0,6.69715,6.69761,0
2022-07-01,84624602,"IDEALPRO","USD.CNH",0,6.69749,6.69786,0
2022-07-01,84625043,"IDEALPRO","USD.CNH",0,6.6974,6.69786,0
2022-07-01,84628056,"IDEALPRO","USD.CNH",0,6.69735,6.69785,0
2022-07-01,84633823,"IDEALPRO","USD.CNH",0,6.69735,6.69785,0
2022-07-01,84635260,"IDEALPRO","USD.CNH",0,6.69735,6.69781,0
2022-07-01,84638728,"IDEALPRO","USD.CNH",0,6.69734,6.69777,0
2022-07-01,84639531,"IDEALPRO","USD.CNH",0,6.69739,6.69783,0
2022-07-01,84643237,"IDEALPRO","USD.CNH",0,6.69739,6.69778,0
2022-07-01,84644441,"IDEALPRO","USD.CNH",0,6.69739,6.69785,0
2022-07-01,84645084,"IDEALPRO","USD.CNH",0,6.69739,6.6978,0
2022-07-01,84651650,"IDEALPRO","USD.CNH",0,6.69739,6.69784,0
2022-07-01,84654058,"IDEALPRO","USD.CNH",0,6.69718,6.69778,0
2022-07-01,84655956,"IDEALPRO","USD.CNH",0,6.69718,6.69779,0
2022-07-01,84656359,"IDEALPRO","USD.CNH",0,6.69712,6.69761,0
2022-07-01,84657562,"IDEALPRO","USD.CNH",0,6.69711,6.69761,0
2022-07-01,84701179,"IDEALPRO","USD.CNH",0,6.69709,6.69761,0
2022-07-01,84702987,"IDEALPRO","USD.CNH",0,6.6971,6.69761,0
2022-07-01,84704994,"IDEALPRO","USD.CNH",0,6.6971,6.69761,0
2022-07-01,84705998,"IDEALPRO","USD.CNH",0,6.69704,6.69741,0
2022-07-01,84706601,"IDEALPRO","USD.CNH",0,6.69645,6.69683,0
2022-07-01,84707806,"IDEALPRO","USD.CNH",0,6.69651,6.69684,0
2022-07-01,84708812,"IDEALPRO","USD.CNH",0,6.69649,6.69684,0
2022-07-01,84711624,"IDEALPRO","USD.CNH",0,6.69645,6.69684,0
2022-07-01,84714395,"IDEALPRO","USD.CNH",0,6.69651,6.69684,0
2022-07-01,84718603,"IDEALPRO","USD.CNH",0,6.69642,6.69684,0
2022-07-01,84720209,"IDEALPRO","USD.CNH",0,6.69673,6.69713,0
2022-07-01,84721413,"IDEALPRO","USD.CNH",0,6.69663,6.69709,0
2022-07-01,84722618,"IDEALPRO","USD.CNH",0,6.6966,6.69709,0
2022-07-01,84729824,"IDEALPRO","USD.CNH",0,6.69662,6.69712,0
2022-07-01,84730526,"IDEALPRO","USD.CNH",0,6.69665,6.69703,0
2022-07-01,84731730,"IDEALPRO","USD.CNH",0,6.69655,6.69697,0
2022-07-01,84732734,"IDEALPRO","USD.CNH",0,6.69652,6.69697,0
2022-07-01,84733336,"IDEALPRO","USD.CNH",0,6.69652,6.69697,0
2022-07-01,84734836,"IDEALPRO","USD.CNH",0,6.69651,6.69697,0
2022-07-01,84735881,"IDEALPRO","USD.CNH",0,6.69651,6.69696,0
2022-07-01,84736683,"IDEALPRO","USD.CNH",0,6.6965,6.69685,0
2022-07-01,84737486,"IDEALPRO","USD.CNH",0,6.69642,6.69685,0
2022-07-01,84739746,"IDEALPRO","USD.CNH",0,6.69663,6.69716,0
2022-07-01,84740750,"IDEALPRO","USD.CNH",0,6.69656,6.69698,0
2022-07-01,84741956,"IDEALPRO","USD.CNH",0,6.69654,6.69688,0
2022-07-01,84742960,"IDEALPRO","USD.CNH",0,6.69656,6.69713,0
2022-07-01,84744366,"IDEALPRO","USD.CNH",0,6.69662,6.69715,0
2022-07-01,84745610,"IDEALPRO","USD.CNH",0,6.69658,6.69715,0
2022-07-01,84747821,"IDEALPRO","USD.CNH",0,6.69661,6.69715,0
2022-07-01,84748863,"IDEALPRO","USD.CNH",0,6.69644,6.69704,0
2022-07-01,84749466,"IDEALPRO","USD.CNH",0,6.69646,6.69707,0
2022-07-01,84750670,"IDEALPRO","USD.CNH",0,6.69649,6.6971,0
2022-07-01,84751071,"IDEALPRO","USD.CNH",0,6.69649,6.69711,0
2022-07-01,84752277,"IDEALPRO","USD.CNH",0,6.69648,6.6971,0
2022-07-01,84753171,"IDEALPRO","USD.CNH",0,6.6965,6.69711,0
2022-07-01,84754273,"IDEALPRO","USD.CNH",0,6.69649,6.69711,0
2022-07-01,84755717,"IDEALPRO","USD.CNH",0,6.69643,6.69704,0
2022-07-01,84756922,"IDEALPRO","USD.CNH",0,6.69626,6.69687,0
2022-07-01,84757323,"IDEALPRO","USD.CNH",0,6.6961,6.69673,0
2022-07-01,84759983,"IDEALPRO","USD.CNH",0,6.69611,6.69674,0
2022-07-01,84800883,"IDEALPRO","USD.CNH",0,6.6961,6.69674,0
2022-07-01,84802892,"IDEALPRO","USD.CNH",0,6.69616,6.69681,0
2022-07-01,84804993,"IDEALPRO","USD.CNH",0,6.69609,6.69673,0
2022-07-01,84805395,"IDEALPRO","USD.CNH",0,6.69607,6.69672,0
2022-07-01,84806599,"IDEALPRO","USD.CNH",0,6.69603,6.69666,0
2022-07-01,84807603,"IDEALPRO","USD.CNH",0,6.69602,6.69665,0
2022-07-01,84808808,"IDEALPRO","USD.CNH",0,6.69601,6.69664,0
2022-07-01,84809411,"IDEALPRO","USD.CNH",0,6.69596,6.69649,0
2022-07-01,84813226,"IDEALPRO","USD.CNH",0,6.69594,6.69649,0
2022-07-01,84818017,"IDEALPRO","USD.CNH",0,6.6959,6.69649,0
2022-07-01,84819624,"IDEALPRO","USD.CNH",0,6.69595,6.69649,0
2022-07-01,84825169,"IDEALPRO","USD.CNH",0,6.69591,6.69649,0
2022-07-01,84830940,"IDEALPRO","USD.CNH",0,6.69591,6.69649,0
2022-07-01,84832446,"IDEALPRO","USD.CNH",0,6.69592,6.69649,0
2022-07-01,84835991,"IDEALPRO","USD.CNH",0,6.69514,6.69573,0
2022-07-01,84836995,"IDEALPRO","USD.CNH",0,6.69542,6.69603,0
2022-07-01,84837397,"IDEALPRO","USD.CNH",0,6.69529,6.69589,0
2022-07-01,84838201,"IDEALPRO","USD.CNH",0,6.69522,6.69583,0
2022-07-01,84839806,"IDEALPRO","USD.CNH",0,6.69521,6.69582,0
2022-07-01,84841815,"IDEALPRO","USD.CNH",0,6.69514,6.69576,0
2022-07-01,84842216,"IDEALPRO","USD.CNH",0,6.69517,6.69579,0
2022-07-01,84843221,"IDEALPRO","USD.CNH",0,6.69523,6.69583,0
2022-07-01,84844829,"IDEALPRO","USD.CNH",0,6.69525,6.69585,0
2022-07-01,84845471,"IDEALPRO","USD.CNH",0,6.69516,6.69577,0
2022-07-01,84846877,"IDEALPRO","USD.CNH",0,6.6952,6.69582,0
2022-07-01,84847680,"IDEALPRO","USD.CNH",0,6.69521,6.69576,0
2022-07-01,84848685,"IDEALPRO","USD.CNH",0,6.69522,6.69576,0
2022-07-01,84849889,"IDEALPRO","USD.CNH",0,6.69516,6.69576,0
2022-07-01,84850090,"IDEALPRO","USD.CNH",0,6.69517,6.69576,0
2022-07-01,84851494,"IDEALPRO","USD.CNH",0,6.6951,6.69569,0
2022-07-01,84852699,"IDEALPRO","USD.CNH",0,6.69524,6.69583,0
2022-07-01,84853904,"IDEALPRO","USD.CNH",0,6.69522,6.69582,0
2022-07-01,84854106,"IDEALPRO","USD.CNH",0,6.69521,6.69581,0
2022-07-01,84855952,"IDEALPRO","USD.CNH",0,6.69516,6.69577,0
2022-07-01,84856957,"IDEALPRO","USD.CNH",0,6.69516,6.69577,0
2022-07-01,84857960,"IDEALPRO","USD.CNH",0,6.69522,6.69582,0
2022-07-01,84858763,"IDEALPRO","USD.CNH",0,6.69516,6.69576,0
2022-07-01,84859998,"IDEALPRO","USD.CNH",0,6.69522,6.69576,0
2022-07-01,84900399,"IDEALPRO","USD.CNH",0,6.69521,6.69576,0
2022-07-01,84901805,"IDEALPRO","USD.CNH",0,6.69514,6.69576,0
2022-07-01,84902809,"IDEALPRO","USD.CNH",0,6.69532,6.69592,0
2022-07-01,84903210,"IDEALPRO","USD.CNH",0,6.69534,6.69594,0
2022-07-01,84904213,"IDEALPRO","USD.CNH",0,6.69532,6.69593,0
2022-07-01,84905081,"IDEALPRO","USD.CNH",0,6.69537,6.69599,0
2022-07-01,84906888,"IDEALPRO","USD.CNH",0,6.69536,6.69598,0
2022-07-01,84907492,"IDEALPRO","USD.CNH",0,6.69536,6.69598,0
2022-07-01,84909299,"IDEALPRO","USD.CNH",0,6.69534,6.69596,0
2022-07-01,84910905,"IDEALPRO","USD.CNH",0,6.69531,6.69591,0
2022-07-01,84911709,"IDEALPRO","USD.CNH",0,6.69533,6.69596,0
2022-07-01,84912913,"IDEALPRO","USD.CNH",0,6.69529,6.69592,0
2022-07-01,84913919,"IDEALPRO","USD.CNH",0,6.69531,6.69592,0
2022-07-01,84914938,"IDEALPRO","USD.CNH",0,6.69533,6.69598,0
2022-07-01,84915781,"IDEALPRO","USD.CNH",0,6.69533,6.69599,0
2022-07-01,84916784,"IDEALPRO","USD.CNH",0,6.69534,6.69592,0
2022-07-01,84917587,"IDEALPRO","USD.CNH",0,6.69534,6.69593,0
2022-07-01,84918993,"IDEALPRO","USD.CNH",0,6.69534,6.69594,0
2022-07-01,84919596,"IDEALPRO","USD.CNH",0,6.69537,6.69603,0
2022-07-01,84920399,"IDEALPRO","USD.CNH",0,6.69539,6.69605,0
2022-07-01,84921639,"IDEALPRO","USD.CNH",0,6.6954,6.69605,0
2022-07-01,84923946,"IDEALPRO","USD.CNH",0,6.69535,6.69599,0
2022-07-01,84924748,"IDEALPRO","USD.CNH",0,6.69535,6.69599,0
2022-07-01,84925791,"IDEALPRO","USD.CNH",0,6.69532,6.69596,0
2022-07-01,84926997,"IDEALPRO","USD.CNH",0,6.69539,6.69604,0
2022-07-01,84927800,"IDEALPRO","USD.CNH",0,6.69532,6.69596,0
2022-07-01,84928402,"IDEALPRO","USD.CNH",0,6.69537,6.69602,0
2022-07-01,84929812,"IDEALPRO","USD.CNH",0,6.6954,6.69591,0
2022-07-01,84930817,"IDEALPRO","USD.CNH",0,6.69543,6.69591,0
2022-07-01,84931821,"IDEALPRO","USD.CNH",0,6.69542,6.69588,0
2022-07-01,84932424,"IDEALPRO","USD.CNH",0,6.69541,6.69588,0
2022-07-01,84934834,"IDEALPRO","USD.CNH",0,6.69543,6.69607,0
2022-07-01,84935878,"IDEALPRO","USD.CNH",0,6.69577,6.69636,0
2022-07-01,84936882,"IDEALPRO","USD.CNH",0,6.69575,6.69638,0
2022-07-01,84937485,"IDEALPRO","USD.CNH",0,6.69575,6.6963,0
2022-07-01,84939493,"IDEALPRO","USD.CNH",0,6.69577,6.6963,0
2022-07-01,84940699,"IDEALPRO","USD.CNH",0,6.69574,6.6963,0
2022-07-01,84942707,"IDEALPRO","USD.CNH",0,6.69577,6.6963,0
2022-07-01,84943511,"IDEALPRO","USD.CNH",0,6.69575,6.69624,0
2022-07-01,84945759,"IDEALPRO","USD.CNH",0,6.69577,6.69621,0
2022-07-01,84946965,"IDEALPRO","USD.CNH",0,6.69572,6.69621,0
2022-07-01,84947768,"IDEALPRO","USD.CNH",0,6.69569,6.69622,0
2022-07-01,84948973,"IDEALPRO","USD.CNH",0,6.69569,6.69617,0
2022-07-01,84949777,"IDEALPRO","USD.CNH",0,6.69567,6.69608,0
2022-07-01,84950981,"IDEALPRO","USD.CNH",0,6.69557,6.69594,0
2022-07-01,84951985,"IDEALPRO","USD.CNH",0,6.69559,6.69592,0
2022-07-01,84952185,"IDEALPRO","USD.CNH",0,6.69551,6.69596,0
2022-07-01,84953390,"IDEALPRO","USD.CNH",0,6.69552,6.69596,0
2022-07-01,84955453,"IDEALPRO","USD.CNH",0,6.69551,6.69596,0
2022-07-01,84957712,"IDEALPRO","USD.CNH",0,6.69564,6.69608,0
2022-07-01,84958315,"IDEALPRO","USD.CNH",0,6.69561,6.69608,0
2022-07-01,85000926,"IDEALPRO","USD.CNH",0,6.69568,6.69604,0
2022-07-01,85001929,"IDEALPRO","USD.CNH",0,6.69575,6.69604,0
2022-07-01,85002531,"IDEALPRO","USD.CNH",0,6.69574,6.69604,0
2022-07-01,85003937,"IDEALPRO","USD.CNH",0,6.69574,6.696,0
2022-07-01,85004842,"IDEALPRO","USD.CNH",0,6.69577,6.696,0
2022-07-01,85005283,"IDEALPRO","USD.CNH",0,6.69575,6.696,0
2022-07-01,85006890,"IDEALPRO","USD.CNH",0,6.69579,6.696,0
