"InternalDate","Time","Exchange","Symbol","BidPrice2","BidPrice1","AskPrice1","AskPrice2"
2022-07-05,64005238,"IDEALPRO","USD.CNH",0,6.69438,6.69539,0
2022-07-05,64007516,"IDEALPRO","USD.CNH",0,6.69442,6.69541,0
2022-07-05,64041771,"IDEALPRO","USD.CNH",0,6.69443,6.69541,0
2022-07-05,64202905,"IDEALPRO","USD.CNH",0,6.69443,6.69539,0
2022-07-05,64301440,"IDEALPRO","USD.CNH",0,6.69442,6.69538,0
2022-07-05,64338579,"IDEALPRO","USD.CNH",0,6.69433,6.69519,0
2022-07-05,64339557,"IDEALPRO","USD.CNH",0,6.69442,6.69538,0
2022-07-05,64340670,"IDEALPRO","USD.CNH",0,6.69433,6.69518,0
2022-07-05,64341661,"IDEALPRO","USD.CNH",0,6.69443,6.69538,0
2022-07-05,64342764,"IDEALPRO","USD.CNH",0,6.69433,6.69518,0
2022-07-05,64343988,"IDEALPRO","USD.CNH",0,6.69443,6.69538,0
2022-07-05,64344867,"IDEALPRO","USD.CNH",0,6.69433,6.69518,0
2022-07-05,64345980,"IDEALPRO","USD.CNH",0,6.69443,6.69537,0
2022-07-05,64347983,"IDEALPRO","USD.CNH",0,6.69443,6.69537,0
2022-07-05,64500474,"IDEALPRO","USD.CNH",0,6.69446,6.6954,0
2022-07-05,64504752,"IDEALPRO","USD.CNH",0,6.69442,6.69537,0
2022-07-05,64621240,"IDEALPRO","USD.CNH",0,6.69418,6.69511,0
2022-07-05,64622355,"IDEALPRO","USD.CNH",0,6.69418,6.69501,0
2022-07-05,64624771,"IDEALPRO","USD.CNH",0,6.69418,6.69501,0
2022-07-05,64629002,"IDEALPRO","USD.CNH",0,6.69418,6.69501,0
2022-07-05,64631674,"IDEALPRO","USD.CNH",0,6.69422,6.69501,0
2022-07-05,64634830,"IDEALPRO","USD.CNH",0,6.6942,6.69501,0
2022-07-05,64635780,"IDEALPRO","USD.CNH",0,6.69426,6.69501,0
2022-07-05,64640811,"IDEALPRO","USD.CNH",0,6.69422,6.69501,0
2022-07-05,64646647,"IDEALPRO","USD.CNH",0,6.69423,6.69501,0
2022-07-05,64649320,"IDEALPRO","USD.CNH",0,6.69409,6.69483,0
2022-07-05,64651768,"IDEALPRO","USD.CNH",0,6.69409,6.69487,0
2022-07-05,64655538,"IDEALPRO","USD.CNH",0,6.69409,6.69484,0
2022-07-05,64704615,"IDEALPRO","USD.CNH",0,6.69409,6.69487,0
2022-07-05,64707687,"IDEALPRO","USD.CNH",0,6.69409,6.69484,0
2022-07-05,64709339,"IDEALPRO","USD.CNH",0,6.69409,6.69488,0
2022-07-05,64713624,"IDEALPRO","USD.CNH",0,6.69409,6.69484,0
2022-07-05,64723305,"IDEALPRO","USD.CNH",0,6.69409,6.69489,0
2022-07-05,64728691,"IDEALPRO","USD.CNH",0,6.69409,6.69485,0
2022-07-05,64731684,"IDEALPRO","USD.CNH",0,6.69409,6.69489,0
2022-07-05,64734718,"IDEALPRO","USD.CNH",0,6.69409,6.69485,0
2022-07-05,64752270,"IDEALPRO","USD.CNH",0,6.69409,6.69486,0
2022-07-05,64810615,"IDEALPRO","USD.CNH",0,6.69409,6.69489,0
2022-07-05,64813736,"IDEALPRO","USD.CNH",0,6.69409,6.69486,0
2022-07-05,64823721,"IDEALPRO","USD.CNH",0,6.69409,6.69487,0
2022-07-05,64826718,"IDEALPRO","USD.CNH",0,6.69409,6.6949,0
2022-07-05,64835895,"IDEALPRO","USD.CNH",0,6.69409,6.69491,0
2022-07-05,64837119,"IDEALPRO","USD.CNH",0,6.69409,6.6949,0
2022-07-05,64842101,"IDEALPRO","USD.CNH",0,6.69409,6.69489,0
2022-07-05,64910063,"IDEALPRO","USD.CNH",0,6.69409,6.69486,0
2022-07-05,64911220,"IDEALPRO","USD.CNH",0,6.69409,6.69489,0
2022-07-05,64916751,"IDEALPRO","USD.CNH",0,6.69408,6.69489,0
2022-07-05,64929346,"IDEALPRO","USD.CNH",0,6.69408,6.69488,0
2022-07-05,64931773,"IDEALPRO","USD.CNH",0,6.69408,6.6949,0
2022-07-05,64933220,"IDEALPRO","USD.CNH",0,6.69408,6.69488,0
2022-07-05,64938610,"IDEALPRO","USD.CNH",0,6.69408,6.6949,0
2022-07-05,64939762,"IDEALPRO","USD.CNH",0,6.69408,6.69488,0
2022-07-05,65028026,"IDEALPRO","USD.CNH",0,6.69408,6.69485,0
2022-07-05,65030020,"IDEALPRO","USD.CNH",0,6.69408,6.69489,0
2022-07-05,65035560,"IDEALPRO","USD.CNH",0,6.69408,6.69485,0
2022-07-05,65036706,"IDEALPRO","USD.CNH",0,6.69408,6.69489,0
2022-07-05,65100615,"IDEALPRO","USD.CNH",0,6.69408,6.69488,0
2022-07-05,65104339,"IDEALPRO","USD.CNH",0,6.69408,6.6949,0
2022-07-05,65105545,"IDEALPRO","USD.CNH",0,6.69408,6.69488,0
2022-07-05,65108673,"IDEALPRO","USD.CNH",0,6.69408,6.69475,0
2022-07-05,65109784,"IDEALPRO","USD.CNH",0,6.69408,6.6948,0
2022-07-05,65110897,"IDEALPRO","USD.CNH",0,6.6941,6.6948,0
2022-07-05,65111890,"IDEALPRO","USD.CNH",0,6.6941,6.69488,0
2022-07-05,65112791,"IDEALPRO","USD.CNH",0,6.6941,6.6948,0
2022-07-05,65113938,"IDEALPRO","USD.CNH",0,6.6941,6.69485,0
2022-07-05,65115996,"IDEALPRO","USD.CNH",0,6.6941,6.6948,0
2022-07-05,65116441,"IDEALPRO","USD.CNH",0,6.6941,6.69488,0
2022-07-05,65117121,"IDEALPRO","USD.CNH",0,6.6941,6.69475,0
2022-07-05,65118234,"IDEALPRO","USD.CNH",0,6.6941,6.69488,0
2022-07-05,65125510,"IDEALPRO","USD.CNH",0,6.6941,6.69484,0
2022-07-05,65130517,"IDEALPRO","USD.CNH",0,6.6941,6.69488,0
2022-07-05,65136349,"IDEALPRO","USD.CNH",0,6.6941,6.69485,0
2022-07-05,65137461,"IDEALPRO","USD.CNH",0,6.6941,6.69488,0
2022-07-05,65158358,"IDEALPRO","USD.CNH",0,6.6941,6.6949,0
2022-07-05,65159692,"IDEALPRO","USD.CNH",0,6.6941,6.69488,0
2022-07-05,65201027,"IDEALPRO","USD.CNH",0,6.6941,6.6949,0
2022-07-05,65202361,"IDEALPRO","USD.CNH",0,6.6941,6.69488,0
2022-07-05,65208581,"IDEALPRO","USD.CNH",0,6.6941,6.6949,0
2022-07-05,65209915,"IDEALPRO","USD.CNH",0,6.6941,6.69488,0
2022-07-05,65212143,"IDEALPRO","USD.CNH",0,6.6941,6.69489,0
2022-07-05,65213256,"IDEALPRO","USD.CNH",0,6.6941,6.69488,0
2022-07-05,65242493,"IDEALPRO","USD.CNH",0,6.6941,6.69489,0
2022-07-05,65253264,"IDEALPRO","USD.CNH",0,6.6941,6.69486,0
2022-07-05,65254860,"IDEALPRO","USD.CNH",0,6.6941,6.6949,0
2022-07-05,65258671,"IDEALPRO","USD.CNH",0,6.6941,6.69491,0
2022-07-05,65259650,"IDEALPRO","USD.CNH",0,6.6941,6.6949,0
2022-07-05,65301074,"IDEALPRO","USD.CNH",0,6.6941,6.69491,0
2022-07-05,65308785,"IDEALPRO","USD.CNH",0,6.69224,6.693,0
2022-07-05,65309887,"IDEALPRO","USD.CNH",0,6.69221,6.693,0
2022-07-05,65310165,"IDEALPRO","USD.CNH",0,6.69221,6.693,0
2022-07-05,65311488,"IDEALPRO","USD.CNH",0,6.69223,6.693,0
2022-07-05,65313191,"IDEALPRO","USD.CNH",0,6.69223,6.693,0
2022-07-05,65314816,"IDEALPRO","USD.CNH",0,6.69223,6.693,0
2022-07-05,65316824,"IDEALPRO","USD.CNH",0,6.69222,6.693,0
2022-07-05,65325787,"IDEALPRO","USD.CNH",0,6.69222,6.693,0
2022-07-05,65326678,"IDEALPRO","USD.CNH",0,6.69217,6.69295,0
2022-07-05,65353924,"IDEALPRO","USD.CNH",0,6.69221,6.69294,0
2022-07-05,65440319,"IDEALPRO","USD.CNH",0,6.69222,6.69291,0
2022-07-05,65558592,"IDEALPRO","USD.CNH",0,6.69224,6.69288,0
2022-07-05,65610589,"IDEALPRO","USD.CNH",0,6.69225,6.6929,0
2022-07-05,65715991,"IDEALPRO","USD.CNH",0,6.69224,6.69289,0
2022-07-05,65838844,"IDEALPRO","USD.CNH",0,6.69164,6.69228,0
2022-07-05,65839735,"IDEALPRO","USD.CNH",0,6.69176,6.6924,0
2022-07-05,65840945,"IDEALPRO","USD.CNH",0,6.69163,6.69229,0
2022-07-05,65841848,"IDEALPRO","USD.CNH",0,6.69183,6.6925,0
2022-07-05,65842972,"IDEALPRO","USD.CNH",0,6.69171,6.69238,0
2022-07-05,65844073,"IDEALPRO","USD.CNH",0,6.69182,6.6925,0
2022-07-05,65845152,"IDEALPRO","USD.CNH",0,6.69171,6.69238,0
2022-07-05,65846031,"IDEALPRO","USD.CNH",0,6.69182,6.69251,0
2022-07-05,65847178,"IDEALPRO","USD.CNH",0,6.6917,6.69239,0
2022-07-05,65848034,"IDEALPRO","USD.CNH",0,6.69181,6.69251,0
2022-07-05,65849849,"IDEALPRO","USD.CNH",0,6.69207,6.69277,0
2022-07-05,65901902,"IDEALPRO","USD.CNH",0,6.69211,6.69282,0
2022-07-05,65909460,"IDEALPRO","USD.CNH",0,6.69212,6.69283,0
2022-07-05,65931509,"IDEALPRO","USD.CNH",0,6.69215,6.69286,0
2022-07-05,65949662,"IDEALPRO","USD.CNH",0,6.6918,6.69253,0
2022-07-05,65955210,"IDEALPRO","USD.CNH",0,6.69179,6.69255,0
2022-07-05,65956449,"IDEALPRO","USD.CNH",0,6.69182,6.69259,0
2022-07-05,70004360,"IDEALPRO","USD.CNH",0,6.69181,6.6926,0
2022-07-05,70005687,"IDEALPRO","USD.CNH",0,6.69181,6.69261,0
2022-07-05,70023194,"IDEALPRO","USD.CNH",0,6.69179,6.69265,0
2022-07-05,70041784,"IDEALPRO","USD.CNH",0,6.69178,6.69268,0
2022-07-05,70050715,"IDEALPRO","USD.CNH",0,6.69171,6.69263,0
2022-07-05,70055569,"IDEALPRO","USD.CNH",0,6.69174,6.69266,0
2022-07-05,70057128,"IDEALPRO","USD.CNH",0,6.69177,6.6927,0
2022-07-05,70107560,"IDEALPRO","USD.CNH",0,6.69175,6.69269,0
2022-07-05,70112167,"IDEALPRO","USD.CNH",0,6.69169,6.69278,0
2022-07-05,70127329,"IDEALPRO","USD.CNH",0,6.69166,6.6928,0
2022-07-05,70130675,"IDEALPRO","USD.CNH",0,6.69164,6.69278,0
2022-07-05,70149578,"IDEALPRO","USD.CNH",0,6.69165,6.69283,0
2022-07-05,70209577,"IDEALPRO","USD.CNH",0,6.69163,6.69283,0
2022-07-05,70213560,"IDEALPRO","USD.CNH",0,6.69162,6.69283,0
2022-07-05,70234112,"IDEALPRO","USD.CNH",0,6.69161,6.69284,0
2022-07-05,70322730,"IDEALPRO","USD.CNH",0,6.6916,6.69285,0
2022-07-05,70342005,"IDEALPRO","USD.CNH",0,6.69158,6.69286,0
2022-07-05,70403072,"IDEALPRO","USD.CNH",0,6.69159,6.69286,0
2022-07-05,70405239,"IDEALPRO","USD.CNH",0,6.69159,6.69287,0
2022-07-05,70422657,"IDEALPRO","USD.CNH",0,6.69156,6.69283,0
2022-07-05,70423102,"IDEALPRO","USD.CNH",0,6.69155,6.69283,0
2022-07-05,70424478,"IDEALPRO","USD.CNH",0,6.69158,6.69286,0
2022-07-05,70456403,"IDEALPRO","USD.CNH",0,6.69159,6.69286,0
2022-07-05,70550780,"IDEALPRO","USD.CNH",0,6.69158,6.69285,0
2022-07-05,70605729,"IDEALPRO","USD.CNH",0,6.69158,6.69279,0
2022-07-05,70607264,"IDEALPRO","USD.CNH",0,6.69158,6.6928,0
2022-07-05,70609268,"IDEALPRO","USD.CNH",0,6.69158,6.69274,0
2022-07-05,70610159,"IDEALPRO","USD.CNH",0,6.69161,6.69286,0
2022-07-05,70611049,"IDEALPRO","USD.CNH",0,6.69158,6.69274,0
2022-07-05,70612162,"IDEALPRO","USD.CNH",0,6.69162,6.69286,0
2022-07-05,70613274,"IDEALPRO","USD.CNH",0,6.69158,6.69273,0
2022-07-05,70614165,"IDEALPRO","USD.CNH",0,6.69162,6.69285,0
2022-07-05,70615095,"IDEALPRO","USD.CNH",0,6.69158,6.69273,0
2022-07-05,70616209,"IDEALPRO","USD.CNH",0,6.69163,6.69285,0
2022-07-05,70617323,"IDEALPRO","USD.CNH",0,6.69158,6.69272,0
2022-07-05,70618435,"IDEALPRO","USD.CNH",0,6.69163,6.69284,0
2022-07-05,70628722,"IDEALPRO","USD.CNH",0,6.69164,6.69284,0
2022-07-05,70630505,"IDEALPRO","USD.CNH",0,6.69164,6.69283,0
2022-07-05,70638354,"IDEALPRO","USD.CNH",0,6.69165,6.69283,0
2022-07-05,70641596,"IDEALPRO","USD.CNH",0,6.69165,6.6928,0
2022-07-05,70646313,"IDEALPRO","USD.CNH",0,6.69164,6.69279,0
2022-07-05,70647426,"IDEALPRO","USD.CNH",0,6.69164,6.69279,0
2022-07-05,70648539,"IDEALPRO","USD.CNH",0,6.69163,6.69279,0
2022-07-05,70700443,"IDEALPRO","USD.CNH",0,6.69165,6.69279,0
2022-07-05,70713127,"IDEALPRO","USD.CNH",0,6.69166,6.69279,0
2022-07-05,70730401,"IDEALPRO","USD.CNH",0,6.6916,6.69268,0
2022-07-05,70731517,"IDEALPRO","USD.CNH",0,6.69161,6.69273,0
2022-07-05,70732633,"IDEALPRO","USD.CNH",0,6.6916,6.69269,0
2022-07-05,70734681,"IDEALPRO","USD.CNH",0,6.69161,6.69274,0
2022-07-05,70735795,"IDEALPRO","USD.CNH",0,6.6916,6.69273,0
2022-07-05,70739588,"IDEALPRO","USD.CNH",0,6.69161,6.69275,0
2022-07-05,70740703,"IDEALPRO","USD.CNH",0,6.6916,6.6927,0
2022-07-05,70742487,"IDEALPRO","USD.CNH",0,6.6916,6.69274,0
2022-07-05,70743602,"IDEALPRO","USD.CNH",0,6.69168,6.69282,0
2022-07-05,70753527,"IDEALPRO","USD.CNH",0,6.69169,6.69282,0
2022-07-05,70800705,"IDEALPRO","USD.CNH",0,6.6916,6.69273,0
2022-07-05,70801150,"IDEALPRO","USD.CNH",0,6.69169,6.69282,0
2022-07-05,70807552,"IDEALPRO","USD.CNH",0,6.69172,6.69286,0
2022-07-05,70812127,"IDEALPRO","USD.CNH",0,6.69165,6.6928,0
2022-07-05,70819719,"IDEALPRO","USD.CNH",0,6.6917,6.69285,0
2022-07-05,70847247,"IDEALPRO","USD.CNH",0,6.69169,6.69286,0
2022-07-05,70850761,"IDEALPRO","USD.CNH",0,6.69164,6.6928,0
2022-07-05,70855700,"IDEALPRO","USD.CNH",0,6.69169,6.69286,0
2022-07-05,70910647,"IDEALPRO","USD.CNH",0,6.69165,6.69284,0
2022-07-05,70911985,"IDEALPRO","USD.CNH",0,6.69175,6.69293,0
2022-07-05,71001648,"IDEALPRO","USD.CNH",0,6.69172,6.69287,0
2022-07-05,71002540,"IDEALPRO","USD.CNH",0,6.69176,6.69291,0
2022-07-05,71009494,"IDEALPRO","USD.CNH",0,6.69182,6.69284,0
2022-07-05,71015175,"IDEALPRO","USD.CNH",0,6.69183,6.69285,0
2022-07-05,71030339,"IDEALPRO","USD.CNH",0,6.69184,6.69285,0
2022-07-05,71100169,"IDEALPRO","USD.CNH",0,6.69183,6.69284,0
2022-07-05,71106544,"IDEALPRO","USD.CNH",0,6.69184,6.69285,0
2022-07-05,71118940,"IDEALPRO","USD.CNH",0,6.69185,6.69286,0
2022-07-05,71203017,"IDEALPRO","USD.CNH",0,6.69185,6.69285,0
2022-07-05,71328812,"IDEALPRO","USD.CNH",0,6.69189,6.69285,0
2022-07-05,71330815,"IDEALPRO","USD.CNH",0,6.69197,6.69285,0
2022-07-05,71333331,"IDEALPRO","USD.CNH",0,6.69185,6.69285,0
2022-07-05,71335424,"IDEALPRO","USD.CNH",0,6.69189,6.69285,0
2022-07-05,71336424,"IDEALPRO","USD.CNH",0,6.69185,6.69285,0
2022-07-05,71337304,"IDEALPRO","USD.CNH",0,6.69189,6.69285,0
2022-07-05,71338305,"IDEALPRO","USD.CNH",0,6.69197,6.69285,0
2022-07-05,71339640,"IDEALPRO","USD.CNH",0,6.69199,6.69268,0
2022-07-05,71340530,"IDEALPRO","USD.CNH",0,6.6919,6.6928,0
2022-07-05,71341532,"IDEALPRO","USD.CNH",0,6.69182,6.69268,0
2022-07-05,71342656,"IDEALPRO","USD.CNH",0,6.69193,6.6928,0
2022-07-05,71343546,"IDEALPRO","USD.CNH",0,6.69179,6.69268,0
2022-07-05,71344621,"IDEALPRO","USD.CNH",0,6.69182,6.6928,0
2022-07-05,71345884,"IDEALPRO","USD.CNH",0,6.6917,6.69267,0
2022-07-05,71346842,"IDEALPRO","USD.CNH",0,6.6918,6.69278,0
2022-07-05,71347844,"IDEALPRO","USD.CNH",0,6.6917,6.69267,0
2022-07-05,71348746,"IDEALPRO","USD.CNH",0,6.69182,6.69279,0
2022-07-05,71440543,"IDEALPRO","USD.CNH",0,6.69178,6.69282,0
2022-07-05,71625482,"IDEALPRO","USD.CNH",0,6.69176,6.69285,0
2022-07-05,72109005,"IDEALPRO","USD.CNH",0,6.69162,6.69271,0
2022-07-05,72110106,"IDEALPRO","USD.CNH",0,6.6917,6.69277,0
2022-07-05,72111063,"IDEALPRO","USD.CNH",0,6.69162,6.6927,0
2022-07-05,72112142,"IDEALPRO","USD.CNH",0,6.69175,6.69283,0
2022-07-05,72113266,"IDEALPRO","USD.CNH",0,6.69162,6.6927,0
2022-07-05,72114158,"IDEALPRO","USD.CNH",0,6.69175,6.69283,0
2022-07-05,72115147,"IDEALPRO","USD.CNH",0,6.69165,6.69273,0
2022-07-05,72116371,"IDEALPRO","USD.CNH",0,6.69175,6.69283,0
2022-07-05,72117486,"IDEALPRO","USD.CNH",0,6.69162,6.6927,0
2022-07-05,72118600,"IDEALPRO","USD.CNH",0,6.69172,6.69279,0
2022-07-05,72122582,"IDEALPRO","USD.CNH",0,6.69176,6.69283,0
2022-07-05,72710808,"IDEALPRO","USD.CNH",0,6.69164,6.69272,0
2022-07-05,72735562,"IDEALPRO","USD.CNH",0,6.69168,6.69277,0
2022-07-05,72839401,"IDEALPRO","USD.CNH",0,6.69153,6.69266,0
2022-07-05,72840478,"IDEALPRO","USD.CNH",0,6.69162,6.69276,0
2022-07-05,72841725,"IDEALPRO","USD.CNH",0,6.69151,6.69264,0
2022-07-05,72842704,"IDEALPRO","USD.CNH",0,6.69164,6.69277,0
2022-07-05,72843806,"IDEALPRO","USD.CNH",0,6.69151,6.69264,0
2022-07-05,72844715,"IDEALPRO","USD.CNH",0,6.69164,6.69277,0
2022-07-05,72845868,"IDEALPRO","USD.CNH",0,6.69151,6.69264,0
2022-07-05,72846761,"IDEALPRO","USD.CNH",0,6.69164,6.69277,0
2022-07-05,72847876,"IDEALPRO","USD.CNH",0,6.69151,6.69264,0
2022-07-05,72848991,"IDEALPRO","USD.CNH",0,6.69164,6.69277,0
2022-07-05,72902360,"IDEALPRO","USD.CNH",0,6.69172,6.69286,0
2022-07-05,72946636,"IDEALPRO","USD.CNH",0,6.69172,6.69284,0
2022-07-05,73021352,"IDEALPRO","USD.CNH",0,6.69175,6.69284,0
2022-07-05,73024475,"IDEALPRO","USD.CNH",0,6.69176,6.69284,0
2022-07-05,73025407,"IDEALPRO","USD.CNH",0,6.69175,6.69284,0
2022-07-05,73028502,"IDEALPRO","USD.CNH",0,6.69176,6.69284,0
2022-07-05,73030383,"IDEALPRO","USD.CNH",0,6.69174,6.69284,0
2022-07-05,73034569,"IDEALPRO","USD.CNH",0,6.69175,6.69284,0
2022-07-05,73037509,"IDEALPRO","USD.CNH",0,6.69174,6.69284,0
2022-07-05,73038496,"IDEALPRO","USD.CNH",0,6.69173,6.69284,0
2022-07-05,73042415,"IDEALPRO","USD.CNH",0,6.69174,6.69284,0
2022-07-05,73053408,"IDEALPRO","USD.CNH",0,6.69175,6.69284,0
2022-07-05,73057569,"IDEALPRO","USD.CNH",0,6.69173,6.69284,0
2022-07-05,73102459,"IDEALPRO","USD.CNH",0,6.69173,6.69284,0
2022-07-05,73123430,"IDEALPRO","USD.CNH",0,6.69174,6.69284,0
2022-07-05,73124373,"IDEALPRO","USD.CNH",0,6.69176,6.69284,0
2022-07-05,73141619,"IDEALPRO","USD.CNH",0,6.69177,6.69284,0
2022-07-05,73153627,"IDEALPRO","USD.CNH",0,6.69173,6.69284,0
2022-07-05,73206806,"IDEALPRO","USD.CNH",0,6.69173,6.69284,0
2022-07-05,73213814,"IDEALPRO","USD.CNH",0,6.69176,6.69284,0
2022-07-05,73224917,"IDEALPRO","USD.CNH",0,6.69179,6.69283,0
2022-07-05,73226057,"IDEALPRO","USD.CNH",0,6.69174,6.69283,0
2022-07-05,73228733,"IDEALPRO","USD.CNH",0,6.69173,6.69282,0
2022-07-05,73230293,"IDEALPRO","USD.CNH",0,6.69174,6.69283,0
2022-07-05,73249317,"IDEALPRO","USD.CNH",0,6.69173,6.69282,0
2022-07-05,73310174,"IDEALPRO","USD.CNH",0,6.69174,6.69283,0
2022-07-05,73417901,"IDEALPRO","USD.CNH",0,6.69175,6.69283,0
2022-07-05,73500454,"IDEALPRO","USD.CNH",0,6.69174,6.69283,0
2022-07-05,73533015,"IDEALPRO","USD.CNH",0,6.69175,6.69283,0
2022-07-05,73639665,"IDEALPRO","USD.CNH",0,6.69174,6.69283,0
2022-07-05,73730637,"IDEALPRO","USD.CNH",0,6.69174,6.69282,0
2022-07-05,73734816,"IDEALPRO","USD.CNH",0,6.69173,6.6928,0
2022-07-05,73737770,"IDEALPRO","USD.CNH",0,6.69173,6.6928,0
2022-07-05,73738659,"IDEALPRO","USD.CNH",0,6.69174,6.6928,0
2022-07-05,73740729,"IDEALPRO","USD.CNH",0,6.69173,6.6928,0
2022-07-05,73809111,"IDEALPRO","USD.CNH",0,6.69175,6.69282,0
2022-07-05,73828317,"IDEALPRO","USD.CNH",0,6.69176,6.69282,0
2022-07-05,73829542,"IDEALPRO","USD.CNH",0,6.69179,6.69282,0
2022-07-05,73832660,"IDEALPRO","USD.CNH",0,6.69175,6.69282,0
2022-07-05,73849206,"IDEALPRO","USD.CNH",0,6.69176,6.69282,0
2022-07-05,73856238,"IDEALPRO","USD.CNH",0,6.69176,6.6928,0
2022-07-05,73859245,"IDEALPRO","USD.CNH",0,6.69175,6.6928,0
2022-07-05,73914484,"IDEALPRO","USD.CNH",0,6.69179,6.69282,0
2022-07-05,73915639,"IDEALPRO","USD.CNH",0,6.69187,6.69282,0
2022-07-05,73926477,"IDEALPRO","USD.CNH",0,6.69188,6.69282,0
2022-07-05,73928484,"IDEALPRO","USD.CNH",0,6.69183,6.69282,0
2022-07-05,73932504,"IDEALPRO","USD.CNH",0,6.69184,6.69282,0
2022-07-05,73936600,"IDEALPRO","USD.CNH",0,6.69183,6.69282,0
2022-07-05,73944910,"IDEALPRO","USD.CNH",0,6.69176,6.69282,0
2022-07-05,73949512,"IDEALPRO","USD.CNH",0,6.69175,6.6928,0
2022-07-05,74109415,"IDEALPRO","USD.CNH",0,6.69175,6.6928,0
2022-07-05,74110308,"IDEALPRO","USD.CNH",0,6.69175,6.6928,0
2022-07-05,74118763,"IDEALPRO","USD.CNH",0,6.69175,6.6928,0
2022-07-05,74137698,"IDEALPRO","USD.CNH",0,6.69173,6.69278,0
2022-07-05,74240437,"IDEALPRO","USD.CNH",0,6.69173,6.69279,0
2022-07-05,74258666,"IDEALPRO","USD.CNH",0,6.69174,6.69279,0
2022-07-05,74340156,"IDEALPRO","USD.CNH",0,6.69177,6.69284,0
2022-07-05,74345546,"IDEALPRO","USD.CNH",0,6.69177,6.69283,0
2022-07-05,74346662,"IDEALPRO","USD.CNH",0,6.69181,6.69287,0
2022-07-05,74347825,"IDEALPRO","USD.CNH",0,6.69177,6.69283,0
2022-07-05,74348719,"IDEALPRO","USD.CNH",0,6.69182,6.69288,0
2022-07-05,74349834,"IDEALPRO","USD.CNH",0,6.69172,6.69277,0
2022-07-05,74355547,"IDEALPRO","USD.CNH",0,6.69175,6.6928,0
2022-07-05,74359592,"IDEALPRO","USD.CNH",0,6.69164,6.6927,0
2022-07-05,74400707,"IDEALPRO","USD.CNH",0,6.69172,6.69277,0
2022-07-05,74446749,"IDEALPRO","USD.CNH",0,6.69172,6.69273,0
2022-07-05,74619425,"IDEALPRO","USD.CNH",0,6.69171,6.69268,0
2022-07-05,74621809,"IDEALPRO","USD.CNH",0,6.69168,6.69265,0
2022-07-05,74622032,"IDEALPRO","USD.CNH",0,6.69168,6.6926,0
2022-07-05,74628795,"IDEALPRO","USD.CNH",0,6.69172,6.6926,0
2022-07-05,74631691,"IDEALPRO","USD.CNH",0,6.69172,6.69269,0
2022-07-05,74650860,"IDEALPRO","USD.CNH",0,6.69173,6.69269,0
2022-07-05,74831099,"IDEALPRO","USD.CNH",0,6.69172,6.69265,0
2022-07-05,74900792,"IDEALPRO","USD.CNH",0,6.69172,6.69264,0
2022-07-05,74901904,"IDEALPRO","USD.CNH",0,6.69171,6.69264,0
2022-07-05,74922705,"IDEALPRO","USD.CNH",0,6.69165,6.6926,0
2022-07-05,74958090,"IDEALPRO","USD.CNH",0,6.69168,6.69264,0
2022-07-05,75011514,"IDEALPRO","USD.CNH",0,6.69171,6.69269,0
2022-07-05,75052705,"IDEALPRO","USD.CNH",0,6.69168,6.69272,0
2022-07-05,75057667,"IDEALPRO","USD.CNH",0,6.69169,6.69273,0
2022-07-05,75107933,"IDEALPRO","USD.CNH",0,6.69222,6.69363,0
2022-07-05,75108156,"IDEALPRO","USD.CNH",0,6.69222,6.69366,0
2022-07-05,75110636,"IDEALPRO","USD.CNH",0,6.69226,6.69366,0
2022-07-05,75112293,"IDEALPRO","USD.CNH",0,6.69279,6.69394,0
2022-07-05,75113071,"IDEALPRO","USD.CNH",0,6.69222,6.69366,0
2022-07-05,75114633,"IDEALPRO","USD.CNH",0,6.69276,6.69396,0
2022-07-05,75115788,"IDEALPRO","USD.CNH",0,6.69222,6.69366,0
2022-07-05,75116680,"IDEALPRO","USD.CNH",0,6.69274,6.69398,0
2022-07-05,75117350,"IDEALPRO","USD.CNH",0,6.69222,6.69366,0
2022-07-05,75118466,"IDEALPRO","USD.CNH",0,6.69271,6.694,0
2022-07-05,75119358,"IDEALPRO","USD.CNH",0,6.69222,6.69366,0
2022-07-05,75120697,"IDEALPRO","USD.CNH",0,6.69268,6.69402,0
2022-07-05,75121265,"IDEALPRO","USD.CNH",0,6.69222,6.6936,0
2022-07-05,75126964,"IDEALPRO","USD.CNH",0,6.69224,6.69363,0
2022-07-05,75130087,"IDEALPRO","USD.CNH",0,6.6922,6.69361,0
2022-07-05,75132221,"IDEALPRO","USD.CNH",0,6.69219,6.69361,0
2022-07-05,75139222,"IDEALPRO","USD.CNH",0,6.69218,6.69365,0
2022-07-05,75151362,"IDEALPRO","USD.CNH",0,6.69215,6.69367,0
2022-07-05,75204916,"IDEALPRO","USD.CNH",0,6.69213,6.6937,0
2022-07-05,75221740,"IDEALPRO","USD.CNH",0,6.6921,6.69373,0
2022-07-05,75229319,"IDEALPRO","USD.CNH",0,6.69208,6.69373,0
2022-07-05,75240650,"IDEALPRO","USD.CNH",0,6.69204,6.69371,0
2022-07-05,75242211,"IDEALPRO","USD.CNH",0,6.69203,6.69371,0
2022-07-05,75301543,"IDEALPRO","USD.CNH",0,6.69197,6.69369,0
2022-07-05,75328590,"IDEALPRO","USD.CNH",0,6.69195,6.69372,0
2022-07-05,75335925,"IDEALPRO","USD.CNH",0,6.69194,6.69372,0
2022-07-05,75340635,"IDEALPRO","USD.CNH",0,6.69193,6.69371,0
2022-07-05,75349138,"IDEALPRO","USD.CNH",0,6.69189,6.69375,0
2022-07-05,75356962,"IDEALPRO","USD.CNH",0,6.69189,6.69374,0
2022-07-05,75449738,"IDEALPRO","USD.CNH",0,6.69175,6.69362,0
2022-07-05,75452751,"IDEALPRO","USD.CNH",0,6.69153,6.69339,0
2022-07-05,75458696,"IDEALPRO","USD.CNH",0,6.69158,6.69344,0
2022-07-05,75506476,"IDEALPRO","USD.CNH",0,6.69163,6.69345,0
2022-07-05,75528623,"IDEALPRO","USD.CNH",0,6.69165,6.69343,0
2022-07-05,75552083,"IDEALPRO","USD.CNH",0,6.69169,6.6934,0
2022-07-05,75618630,"IDEALPRO","USD.CNH",0,6.69171,6.69338,0
2022-07-05,75655760,"IDEALPRO","USD.CNH",0,6.69172,6.69336,0
2022-07-05,75730611,"IDEALPRO","USD.CNH",0,6.69173,6.69335,0
2022-07-05,75749478,"IDEALPRO","USD.CNH",0,6.69169,6.69331,0
2022-07-05,75806787,"IDEALPRO","USD.CNH",0,6.69173,6.69335,0
2022-07-05,75811908,"IDEALPRO","USD.CNH",0,6.69238,6.69399,0
2022-07-05,75816624,"IDEALPRO","USD.CNH",0,6.69243,6.69403,0
2022-07-05,75828641,"IDEALPRO","USD.CNH",0,6.69247,6.69406,0
2022-07-05,75830422,"IDEALPRO","USD.CNH",0,6.69247,6.69405,0
2022-07-05,75839549,"IDEALPRO","USD.CNH",0,6.69248,6.69404,0
2022-07-05,75841998,"IDEALPRO","USD.CNH",0,6.69259,6.69416,0
2022-07-05,75842889,"IDEALPRO","USD.CNH",0,6.69251,6.69406,0
2022-07-05,75844001,"IDEALPRO","USD.CNH",0,6.6926,6.69416,0
2022-07-05,75845155,"IDEALPRO","USD.CNH",0,6.69251,6.69406,0
2022-07-05,75846046,"IDEALPRO","USD.CNH",0,6.69261,6.69417,0
2022-07-05,75847158,"IDEALPRO","USD.CNH",0,6.69251,6.69405,0
2022-07-05,75848050,"IDEALPRO","USD.CNH",0,6.69262,6.69416,0
2022-07-05,75849162,"IDEALPRO","USD.CNH",0,6.69252,6.69405,0
2022-07-05,75850275,"IDEALPRO","USD.CNH",0,6.6926,6.69414,0
2022-07-05,75851370,"IDEALPRO","USD.CNH",0,6.6925,6.69403,0
2022-07-05,75852482,"IDEALPRO","USD.CNH",0,6.69254,6.69407,0
2022-07-05,75926673,"IDEALPRO","USD.CNH",0,6.69256,6.69404,0
2022-07-05,75939645,"IDEALPRO","USD.CNH",0,6.69256,6.69403,0
2022-07-05,75955715,"IDEALPRO","USD.CNH",0,6.69255,6.69402,0
2022-07-05,80000614,"IDEALPRO","USD.CNH",0,6.69264,6.69363,0
2022-07-05,80004621,"IDEALPRO","USD.CNH",0,6.69259,6.69357,0
2022-07-05,80006235,"IDEALPRO","USD.CNH",0,6.69258,6.69356,0
2022-07-05,80010466,"IDEALPRO","USD.CNH",0,6.6925,6.6936,0
2022-07-05,80011802,"IDEALPRO","USD.CNH",0,6.69249,6.69359,0
2022-07-05,80012915,"IDEALPRO","USD.CNH",0,6.69243,6.69353,0
2022-07-05,80014698,"IDEALPRO","USD.CNH",0,6.69248,6.69358,0
2022-07-05,80015627,"IDEALPRO","USD.CNH",0,6.69294,6.69376,0
2022-07-05,80016963,"IDEALPRO","USD.CNH",0,6.69298,6.69378,0
2022-07-05,80017631,"IDEALPRO","USD.CNH",0,6.69299,6.69381,0
2022-07-05,80018968,"IDEALPRO","USD.CNH",0,6.69294,6.69381,0
2022-07-05,80020081,"IDEALPRO","USD.CNH",0,6.69294,6.69384,0
2022-07-05,80022088,"IDEALPRO","USD.CNH",0,6.69295,6.69384,0
2022-07-05,80024543,"IDEALPRO","USD.CNH",0,6.69296,6.69384,0
2022-07-05,80026591,"IDEALPRO","USD.CNH",0,6.69296,6.69378,0
2022-07-05,80027929,"IDEALPRO","USD.CNH",0,6.69293,6.69377,0
2022-07-05,80028598,"IDEALPRO","USD.CNH",0,6.69294,6.69382,0
2022-07-05,80030160,"IDEALPRO","USD.CNH",0,6.69294,6.69383,0
2022-07-05,80031052,"IDEALPRO","USD.CNH",0,6.69295,6.69383,0
2022-07-05,80032837,"IDEALPRO","USD.CNH",0,6.69296,6.69384,0
2022-07-05,80033952,"IDEALPRO","USD.CNH",0,6.69297,6.69385,0
2022-07-05,80034622,"IDEALPRO","USD.CNH",0,6.69297,6.69382,0
2022-07-05,80036668,"IDEALPRO","USD.CNH",0,6.69297,6.6938,0
2022-07-05,80037114,"IDEALPRO","USD.CNH",0,6.69298,6.69381,0
2022-07-05,80038453,"IDEALPRO","USD.CNH",0,6.69298,6.69382,0
2022-07-05,80039123,"IDEALPRO","USD.CNH",0,6.69298,6.69381,0
2022-07-05,80042915,"IDEALPRO","USD.CNH",0,6.69299,6.6938,0
2022-07-05,80043807,"IDEALPRO","USD.CNH",0,6.69299,6.6938,0
2022-07-05,80044961,"IDEALPRO","USD.CNH",0,6.69299,6.69379,0
2022-07-05,80046523,"IDEALPRO","USD.CNH",0,6.69299,6.69387,0
2022-07-05,80048976,"IDEALPRO","USD.CNH",0,6.69255,6.6936,0
2022-07-05,80049646,"IDEALPRO","USD.CNH",0,6.69259,6.69359,0
2022-07-05,80050763,"IDEALPRO","USD.CNH",0,6.69252,6.69359,0
2022-07-05,80051878,"IDEALPRO","USD.CNH",0,6.69251,6.69359,0
2022-07-05,80053663,"IDEALPRO","USD.CNH",0,6.69255,6.69364,0
2022-07-05,80054779,"IDEALPRO","USD.CNH",0,6.69253,6.69364,0
2022-07-05,80055932,"IDEALPRO","USD.CNH",0,6.69254,6.69365,0
2022-07-05,80056379,"IDEALPRO","USD.CNH",0,6.69254,6.69365,0
2022-07-05,80057718,"IDEALPRO","USD.CNH",0,6.69254,6.69362,0
2022-07-05,80059056,"IDEALPRO","USD.CNH",0,6.69254,6.69367,0
2022-07-05,80100395,"IDEALPRO","USD.CNH",0,6.69254,6.69359,0
2022-07-05,80101510,"IDEALPRO","USD.CNH",0,6.69254,6.69361,0
2022-07-05,80102848,"IDEALPRO","USD.CNH",0,6.69254,6.69358,0
2022-07-05,80106478,"IDEALPRO","USD.CNH",0,6.69254,6.69357,0
2022-07-05,80107817,"IDEALPRO","USD.CNH",0,6.69254,6.6936,0
2022-07-05,80108488,"IDEALPRO","USD.CNH",0,6.69254,6.69362,0
2022-07-05,80109827,"IDEALPRO","USD.CNH",0,6.69254,6.69361,0
2022-07-05,80110942,"IDEALPRO","USD.CNH",0,6.69251,6.69361,0
2022-07-05,80111834,"IDEALPRO","USD.CNH",0,6.69251,6.69361,0
2022-07-05,80112280,"IDEALPRO","USD.CNH",0,6.6925,6.69354,0
2022-07-05,80114998,"IDEALPRO","USD.CNH",0,6.6925,6.69356,0
2022-07-05,80117005,"IDEALPRO","USD.CNH",0,6.6925,6.69357,0
2022-07-05,80121741,"IDEALPRO","USD.CNH",0,6.6925,6.69355,0
2022-07-05,80124904,"IDEALPRO","USD.CNH",0,6.69246,6.69356,0
2022-07-05,80125128,"IDEALPRO","USD.CNH",0,6.69245,6.69355,0
2022-07-05,80126244,"IDEALPRO","USD.CNH",0,6.69247,6.69355,0
2022-07-05,80128250,"IDEALPRO","USD.CNH",0,6.6925,6.6936,0
2022-07-05,80130258,"IDEALPRO","USD.CNH",0,6.69246,6.69356,0
2022-07-05,80131819,"IDEALPRO","USD.CNH",0,6.69245,6.69352,0
2022-07-05,80134720,"IDEALPRO","USD.CNH",0,6.69245,6.69354,0
2022-07-05,80135220,"IDEALPRO","USD.CNH",0,6.69245,6.69354,0
2022-07-05,80136336,"IDEALPRO","USD.CNH",0,6.69245,6.69353,0
2022-07-05,80137228,"IDEALPRO","USD.CNH",0,6.69247,6.69355,0
2022-07-05,80138122,"IDEALPRO","USD.CNH",0,6.69247,6.69357,0
2022-07-05,80139480,"IDEALPRO","USD.CNH",0,6.69245,6.69354,0
2022-07-05,80141711,"IDEALPRO","USD.CNH",0,6.69246,6.69356,0
2022-07-05,80143944,"IDEALPRO","USD.CNH",0,6.69245,6.69355,0
2022-07-05,80145767,"IDEALPRO","USD.CNH",0,6.69245,6.69355,0
2022-07-05,80146213,"IDEALPRO","USD.CNH",0,6.69245,6.69355,0
2022-07-05,80148796,"IDEALPRO","USD.CNH",0,6.69248,6.69358,0
2022-07-05,80151249,"IDEALPRO","USD.CNH",0,6.69245,6.69355,0
2022-07-05,80152142,"IDEALPRO","USD.CNH",0,6.69249,6.69359,0
2022-07-05,80156867,"IDEALPRO","USD.CNH",0,6.69246,6.69356,0
2022-07-05,80157759,"IDEALPRO","USD.CNH",0,6.69246,6.69353,0
2022-07-05,80158714,"IDEALPRO","USD.CNH",0,6.69246,6.69353,0
2022-07-05,80159830,"IDEALPRO","USD.CNH",0,6.69247,6.69353,0
2022-07-05,80200945,"IDEALPRO","USD.CNH",0,6.69247,6.69357,0
2022-07-05,80202953,"IDEALPRO","USD.CNH",0,6.69248,6.69358,0
2022-07-05,80203845,"IDEALPRO","USD.CNH",0,6.69245,6.69354,0
2022-07-05,80204293,"IDEALPRO","USD.CNH",0,6.69245,6.69352,0
2022-07-05,80205910,"IDEALPRO","USD.CNH",0,6.69246,6.69352,0
2022-07-05,80206579,"IDEALPRO","USD.CNH",0,6.69246,6.69354,0
2022-07-05,80208365,"IDEALPRO","USD.CNH",0,6.69246,6.69356,0
2022-07-05,80209034,"IDEALPRO","USD.CNH",0,6.69248,6.69358,0
2022-07-05,80210819,"IDEALPRO","USD.CNH",0,6.69248,6.69356,0
2022-07-05,80211935,"IDEALPRO","USD.CNH",0,6.69245,6.69355,0
2022-07-05,80213274,"IDEALPRO","USD.CNH",0,6.69246,6.69356,0
2022-07-05,80214835,"IDEALPRO","USD.CNH",0,6.69248,6.69356,0
2022-07-05,80215544,"IDEALPRO","USD.CNH",0,6.69264,6.69357,0
2022-07-05,80216660,"IDEALPRO","USD.CNH",0,6.69265,6.69358,0
2022-07-05,80217997,"IDEALPRO","USD.CNH",0,6.69265,6.69354,0
2022-07-05,80220451,"IDEALPRO","USD.CNH",0,6.69265,6.69356,0
2022-07-05,80222681,"IDEALPRO","USD.CNH",0,6.69241,6.69346,0
2022-07-05,80223127,"IDEALPRO","USD.CNH",0,6.69242,6.69352,0
2022-07-05,80224952,"IDEALPRO","USD.CNH",0,6.69245,6.69347,0
2022-07-05,80225621,"IDEALPRO","USD.CNH",0,6.6924,6.69347,0
2022-07-05,80228967,"IDEALPRO","USD.CNH",0,6.69244,6.69345,0
2022-07-05,80229636,"IDEALPRO","USD.CNH",0,6.69242,6.69345,0
2022-07-05,80234541,"IDEALPRO","USD.CNH",0,6.6924,6.69345,0
2022-07-05,80236365,"IDEALPRO","USD.CNH",0,6.6924,6.69346,0
2022-07-05,80238819,"IDEALPRO","USD.CNH",0,6.69244,6.69346,0
2022-07-05,80239042,"IDEALPRO","USD.CNH",0,6.69244,6.69345,0
2022-07-05,80243727,"IDEALPRO","USD.CNH",0,6.6924,6.69345,0
2022-07-05,80250905,"IDEALPRO","USD.CNH",0,6.69241,6.69344,0
2022-07-05,80300983,"IDEALPRO","USD.CNH",0,6.69236,6.69342,0
2022-07-05,80301875,"IDEALPRO","USD.CNH",0,6.69241,6.69343,0
2022-07-05,80302768,"IDEALPRO","USD.CNH",0,6.69242,6.69343,0
2022-07-05,80303883,"IDEALPRO","USD.CNH",0,6.69243,6.69334,0
2022-07-05,80304776,"IDEALPRO","USD.CNH",0,6.69243,6.69333,0
2022-07-05,80306393,"IDEALPRO","USD.CNH",0,6.69243,6.6933,0
2022-07-05,80307732,"IDEALPRO","USD.CNH",0,6.69244,6.6933,0
2022-07-05,80317364,"IDEALPRO","USD.CNH",0,6.69245,6.6933,0
2022-07-05,80322495,"IDEALPRO","USD.CNH",0,6.69245,6.6933,0
2022-07-05,80330690,"IDEALPRO","USD.CNH",0,6.6924,6.6933,0
2022-07-05,80331137,"IDEALPRO","USD.CNH",0,6.69247,6.6933,0
2022-07-05,80332253,"IDEALPRO","USD.CNH",0,6.69248,6.6933,0
2022-07-05,80334261,"IDEALPRO","USD.CNH",0,6.69249,6.69329,0
2022-07-05,80336976,"IDEALPRO","USD.CNH",0,6.6925,6.69323,0
2022-07-05,80337422,"IDEALPRO","USD.CNH",0,6.6925,6.6933,0
2022-07-05,80338761,"IDEALPRO","USD.CNH",0,6.6925,6.69335,0
2022-07-05,80340992,"IDEALPRO","USD.CNH",0,6.69238,6.69301,0
2022-07-05,80341660,"IDEALPRO","USD.CNH",0,6.69233,6.69322,0
2022-07-05,80342106,"IDEALPRO","USD.CNH",0,6.69233,6.69326,0
2022-07-05,80344116,"IDEALPRO","USD.CNH",0,6.69239,6.69326,0
2022-07-05,80346164,"IDEALPRO","USD.CNH",0,6.6924,6.69326,0
2022-07-05,80349732,"IDEALPRO","USD.CNH",0,6.69244,6.69328,0
2022-07-05,80350852,"IDEALPRO","USD.CNH",0,6.69244,6.69333,0
2022-07-05,80351968,"IDEALPRO","USD.CNH",0,6.69245,6.69333,0
2022-07-05,80355578,"IDEALPRO","USD.CNH",0,6.69246,6.69333,0
2022-07-05,80359815,"IDEALPRO","USD.CNH",0,6.69244,6.69335,0
2022-07-05,80404275,"IDEALPRO","USD.CNH",0,6.69247,6.69335,0
2022-07-05,80405892,"IDEALPRO","USD.CNH",0,6.69255,6.69346,0
2022-07-05,80406338,"IDEALPRO","USD.CNH",0,6.69257,6.69348,0
2022-07-05,80411516,"IDEALPRO","USD.CNH",0,6.69257,6.69342,0
2022-07-05,80412407,"IDEALPRO","USD.CNH",0,6.69257,6.69345,0
2022-07-05,80413519,"IDEALPRO","USD.CNH",0,6.69257,6.69348,0
2022-07-05,80417351,"IDEALPRO","USD.CNH",0,6.69257,6.69348,0
2022-07-05,80418689,"IDEALPRO","USD.CNH",0,6.69257,6.69345,0
2022-07-05,80419581,"IDEALPRO","USD.CNH",0,6.69257,6.69348,0
2022-07-05,80436211,"IDEALPRO","USD.CNH",0,6.69257,6.69348,0
2022-07-05,80450142,"IDEALPRO","USD.CNH",0,6.69264,6.69348,0
2022-07-05,80452594,"IDEALPRO","USD.CNH",0,6.69258,6.69348,0
2022-07-05,80454901,"IDEALPRO","USD.CNH",0,6.69264,6.69348,0
2022-07-05,80455834,"IDEALPRO","USD.CNH",0,6.69264,6.69348,0
2022-07-05,80457172,"IDEALPRO","USD.CNH",0,6.69258,6.69348,0
2022-07-05,80459181,"IDEALPRO","USD.CNH",0,6.69264,6.69348,0
2022-07-05,80500966,"IDEALPRO","USD.CNH",0,6.69258,6.69349,0
2022-07-05,80506822,"IDEALPRO","USD.CNH",0,6.69251,6.69342,0
2022-07-05,80516900,"IDEALPRO","USD.CNH",0,6.69246,6.69337,0
2022-07-05,80517123,"IDEALPRO","USD.CNH",0,6.69243,6.69334,0
2022-07-05,80518238,"IDEALPRO","USD.CNH",0,6.69242,6.69333,0
2022-07-05,80520691,"IDEALPRO","USD.CNH",0,6.69239,6.6933,0
2022-07-05,80521138,"IDEALPRO","USD.CNH",0,6.69239,6.6933,0
2022-07-05,80522923,"IDEALPRO","USD.CNH",0,6.6924,6.69331,0
2022-07-05,80523815,"IDEALPRO","USD.CNH",0,6.6924,6.69331,0
2022-07-05,80524969,"IDEALPRO","USD.CNH",0,6.6924,6.69331,0
2022-07-05,80525192,"IDEALPRO","USD.CNH",0,6.69238,6.6933,0
2022-07-05,80526753,"IDEALPRO","USD.CNH",0,6.69243,6.69334,0
2022-07-05,80529874,"IDEALPRO","USD.CNH",0,6.69244,6.69335,0
2022-07-05,80530321,"IDEALPRO","USD.CNH",0,6.69244,6.69335,0
2022-07-05,80531659,"IDEALPRO","USD.CNH",0,6.69247,6.69338,0
2022-07-05,80532997,"IDEALPRO","USD.CNH",0,6.69244,6.69335,0
2022-07-05,80533220,"IDEALPRO","USD.CNH",0,6.69244,6.69335,0
2022-07-05,80534559,"IDEALPRO","USD.CNH",0,6.69245,6.69332,0
2022-07-05,80535713,"IDEALPRO","USD.CNH",0,6.69259,6.69332,0
2022-07-05,80536606,"IDEALPRO","USD.CNH",0,6.69259,6.69332,0
2022-07-05,80537050,"IDEALPRO","USD.CNH",0,6.69245,6.69332,0
2022-07-05,80538166,"IDEALPRO","USD.CNH",0,6.69259,6.69332,0
2022-07-05,80539280,"IDEALPRO","USD.CNH",0,6.69245,6.69335,0
2022-07-05,80540172,"IDEALPRO","USD.CNH",0,6.6924,6.69335,0
2022-07-05,80541288,"IDEALPRO","USD.CNH",0,6.69254,6.69336,0
2022-07-05,80543812,"IDEALPRO","USD.CNH",0,6.69254,6.69341,0
2022-07-05,80545855,"IDEALPRO","USD.CNH",0,6.69254,6.6934,0
2022-07-05,80548084,"IDEALPRO","USD.CNH",0,6.69254,6.69348,0
2022-07-05,80555918,"IDEALPRO","USD.CNH",0,6.69254,6.69346,0
2022-07-05,80558812,"IDEALPRO","USD.CNH",0,6.69254,6.69344,0
2022-07-05,80559257,"IDEALPRO","USD.CNH",0,6.69254,6.69345,0
2022-07-05,80600147,"IDEALPRO","USD.CNH",0,6.69254,6.69346,0
2022-07-05,80601707,"IDEALPRO","USD.CNH",0,6.69248,6.69345,0
2022-07-05,80603710,"IDEALPRO","USD.CNH",0,6.69248,6.69347,0
2022-07-05,80606287,"IDEALPRO","USD.CNH",0,6.69248,6.69344,0
2022-07-05,80607623,"IDEALPRO","USD.CNH",0,6.69248,6.69345,0
2022-07-05,80608515,"IDEALPRO","USD.CNH",0,6.69248,6.69347,0
2022-07-05,80609852,"IDEALPRO","USD.CNH",0,6.69248,6.69348,0
2022-07-05,80610075,"IDEALPRO","USD.CNH",0,6.69248,6.69345,0
2022-07-05,80612523,"IDEALPRO","USD.CNH",0,6.69248,6.69346,0
2022-07-05,80613637,"IDEALPRO","USD.CNH",0,6.6925,6.6935,0
2022-07-05,80614528,"IDEALPRO","USD.CNH",0,6.69248,6.69346,0
2022-07-05,80615681,"IDEALPRO","USD.CNH",0,6.69248,6.6935,0
2022-07-05,80616795,"IDEALPRO","USD.CNH",0,6.69248,6.69347,0
2022-07-05,80617686,"IDEALPRO","USD.CNH",0,6.6925,6.69347,0
2022-07-05,80618799,"IDEALPRO","USD.CNH",0,6.69248,6.69344,0
2022-07-05,80619912,"IDEALPRO","USD.CNH",0,6.6925,6.69348,0
2022-07-05,80621915,"IDEALPRO","USD.CNH",0,6.69249,6.69348,0
2022-07-05,80623029,"IDEALPRO","USD.CNH",0,6.69248,6.69348,0
2022-07-05,80626187,"IDEALPRO","USD.CNH",0,6.69248,6.69349,0
2022-07-05,80631824,"IDEALPRO","USD.CNH",0,6.69248,6.69346,0
2022-07-05,80632268,"IDEALPRO","USD.CNH",0,6.69248,6.69349,0
2022-07-05,80634980,"IDEALPRO","USD.CNH",0,6.69245,6.69335,0
2022-07-05,80635426,"IDEALPRO","USD.CNH",0,6.69238,6.69335,0
2022-07-05,80637207,"IDEALPRO","USD.CNH",0,6.6924,6.69335,0
2022-07-05,80650956,"IDEALPRO","USD.CNH",0,6.69238,6.69335,0
2022-07-05,80652070,"IDEALPRO","USD.CNH",0,6.6924,6.69335,0
2022-07-05,80701686,"IDEALPRO","USD.CNH",0,6.6924,6.69331,0
2022-07-05,80703913,"IDEALPRO","USD.CNH",0,6.69236,6.69329,0
2022-07-05,80706402,"IDEALPRO","USD.CNH",0,6.69239,6.6933,0
2022-07-05,80721598,"IDEALPRO","USD.CNH",0,6.69238,6.69332,0
2022-07-05,80725692,"IDEALPRO","USD.CNH",0,6.6924,6.69332,0
2022-07-05,80736632,"IDEALPRO","USD.CNH",0,6.69236,6.69334,0
2022-07-05,80740715,"IDEALPRO","USD.CNH",0,6.69242,6.69334,0
2022-07-05,80748771,"IDEALPRO","USD.CNH",0,6.6924,6.69335,0
2022-07-05,80752779,"IDEALPRO","USD.CNH",0,6.69242,6.69335,0
2022-07-05,80758622,"IDEALPRO","USD.CNH",0,6.69248,6.69335,0
2022-07-05,80800849,"IDEALPRO","USD.CNH",0,6.6925,6.69336,0
2022-07-05,80801963,"IDEALPRO","USD.CNH",0,6.69248,6.69334,0
2022-07-05,80802631,"IDEALPRO","USD.CNH",0,6.69253,6.69331,0
2022-07-05,80803522,"IDEALPRO","USD.CNH",0,6.69247,6.69331,0
2022-07-05,80853913,"IDEALPRO","USD.CNH",0,6.6925,6.69339,0
2022-07-05,80854358,"IDEALPRO","USD.CNH",0,6.69249,6.6934,0
2022-07-05,80904579,"IDEALPRO","USD.CNH",0,6.69254,6.69342,0
2022-07-05,80919998,"IDEALPRO","USD.CNH",0,6.69262,6.69341,0
2022-07-05,80938753,"IDEALPRO","USD.CNH",0,6.69258,6.69341,0
2022-07-05,80940091,"IDEALPRO","USD.CNH",0,6.69255,6.69341,0
2022-07-05,80944403,"IDEALPRO","USD.CNH",0,6.69258,6.69341,0
2022-07-05,80945557,"IDEALPRO","USD.CNH",0,6.69258,6.69341,0
2022-07-05,80948754,"IDEALPRO","USD.CNH",0,6.69255,6.69332,0
2022-07-05,80949533,"IDEALPRO","USD.CNH",0,6.69258,6.69335,0
2022-07-05,80950871,"IDEALPRO","USD.CNH",0,6.69255,6.69339,0
2022-07-05,80952707,"IDEALPRO","USD.CNH",0,6.69255,6.69337,0
2022-07-05,81006406,"IDEALPRO","USD.CNH",0,6.69255,6.69338,0
2022-07-05,81008657,"IDEALPRO","USD.CNH",0,6.69255,6.69338,0
2022-07-05,81009326,"IDEALPRO","USD.CNH",0,6.69255,6.69344,0
2022-07-05,81012671,"IDEALPRO","USD.CNH",0,6.69255,6.6934,0
2022-07-05,81013563,"IDEALPRO","USD.CNH",0,6.69255,6.6934,0
2022-07-05,81016948,"IDEALPRO","USD.CNH",0,6.69258,6.6934,0
2022-07-05,81017394,"IDEALPRO","USD.CNH",0,6.69255,6.6934,0
2022-07-05,81019846,"IDEALPRO","USD.CNH",0,6.69258,6.6934,0
2022-07-05,81030814,"IDEALPRO","USD.CNH",0,6.69255,6.69337,0
2022-07-05,81036988,"IDEALPRO","USD.CNH",0,6.69255,6.69339,0
2022-07-05,81038772,"IDEALPRO","USD.CNH",0,6.69258,6.69339,0
2022-07-05,81039887,"IDEALPRO","USD.CNH",0,6.69258,6.69339,0
2022-07-05,81041893,"IDEALPRO","USD.CNH",0,6.69255,6.69337,0
2022-07-05,81043677,"IDEALPRO","USD.CNH",0,6.69255,6.69337,0
2022-07-05,81044123,"IDEALPRO","USD.CNH",0,6.69258,6.69337,0
2022-07-05,81048927,"IDEALPRO","USD.CNH",0,6.69258,6.69341,0
2022-07-05,81052734,"IDEALPRO","USD.CNH",0,6.69258,6.6934,0
2022-07-05,81054517,"IDEALPRO","USD.CNH",0,6.69258,6.6934,0
2022-07-05,81055451,"IDEALPRO","USD.CNH",0,6.69258,6.69343,0
2022-07-05,81056566,"IDEALPRO","USD.CNH",0,6.69258,6.69341,0
2022-07-05,81057830,"IDEALPRO","USD.CNH",0,6.69258,6.69341,0
2022-07-05,81058722,"IDEALPRO","USD.CNH",0,6.69258,6.69343,0
2022-07-05,81059734,"IDEALPRO","USD.CNH",0,6.69255,6.69341,0
2022-07-05,81100849,"IDEALPRO","USD.CNH",0,6.69258,6.69341,0
2022-07-05,81101518,"IDEALPRO","USD.CNH",0,6.69255,6.69341,0
2022-07-05,81102634,"IDEALPRO","USD.CNH",0,6.69255,6.69341,0
2022-07-05,81107699,"IDEALPRO","USD.CNH",0,6.69258,6.69341,0
2022-07-05,81108145,"IDEALPRO","USD.CNH",0,6.69255,6.69341,0
2022-07-05,81109039,"IDEALPRO","USD.CNH",0,6.69258,6.69341,0
2022-07-05,81113952,"IDEALPRO","USD.CNH",0,6.69258,6.69341,0
2022-07-05,81115333,"IDEALPRO","USD.CNH",0,6.69255,6.69341,0
2022-07-05,81118869,"IDEALPRO","USD.CNH",0,6.69258,6.69341,0
2022-07-05,81119538,"IDEALPRO","USD.CNH",0,6.69255,6.69341,0
2022-07-05,81136211,"IDEALPRO","USD.CNH",0,6.69262,6.69341,0
2022-07-05,81137645,"IDEALPRO","USD.CNH",0,6.69262,6.69341,0
2022-07-05,81138763,"IDEALPRO","USD.CNH",0,6.69249,6.69339,0
2022-07-05,81142115,"IDEALPRO","USD.CNH",0,6.69248,6.69339,0
2022-07-05,81143901,"IDEALPRO","USD.CNH",0,6.69248,6.69339,0
2022-07-05,81201582,"IDEALPRO","USD.CNH",0,6.69249,6.6934,0
2022-07-05,81215423,"IDEALPRO","USD.CNH",0,6.69255,6.69335,0
2022-07-05,81216540,"IDEALPRO","USD.CNH",0,6.69248,6.69339,0
2022-07-05,81226607,"IDEALPRO","USD.CNH",0,6.69246,6.69335,0
2022-07-05,81230407,"IDEALPRO","USD.CNH",0,6.69247,6.69336,0
2022-07-05,81239977,"IDEALPRO","USD.CNH",0,6.69247,6.69335,0
2022-07-05,81253122,"IDEALPRO","USD.CNH",0,6.69247,6.69335,0
2022-07-05,81315975,"IDEALPRO","USD.CNH",0,6.6925,6.69331,0
2022-07-05,81316869,"IDEALPRO","USD.CNH",0,6.69242,6.69331,0
2022-07-05,81324322,"IDEALPRO","USD.CNH",0,6.69242,6.69335,0
2022-07-05,81326596,"IDEALPRO","USD.CNH",0,6.6925,6.69335,0
2022-07-05,81327042,"IDEALPRO","USD.CNH",0,6.6925,6.69339,0
2022-07-05,81328013,"IDEALPRO","USD.CNH",0,6.6925,6.69341,0
2022-07-05,81329293,"IDEALPRO","USD.CNH",0,6.69253,6.69342,0
2022-07-05,81330634,"IDEALPRO","USD.CNH",0,6.69253,6.69344,0
2022-07-05,81332914,"IDEALPRO","USD.CNH",0,6.6926,6.69334,0
2022-07-05,81333361,"IDEALPRO","USD.CNH",0,6.69255,6.69345,0
2022-07-05,81334479,"IDEALPRO","USD.CNH",0,6.69255,6.69345,0
2022-07-05,81335637,"IDEALPRO","USD.CNH",0,6.69253,6.69343,0
2022-07-05,81336083,"IDEALPRO","USD.CNH",0,6.69255,6.69343,0
2022-07-05,81338542,"IDEALPRO","USD.CNH",0,6.69253,6.69343,0
2022-07-05,81339435,"IDEALPRO","USD.CNH",0,6.69257,6.69343,0
2022-07-05,81343905,"IDEALPRO","USD.CNH",0,6.69259,6.69345,0
2022-07-05,81344800,"IDEALPRO","USD.CNH",0,6.69257,6.69346,0
2022-07-05,81346960,"IDEALPRO","USD.CNH",0,6.69259,6.69346,0
2022-07-05,81348523,"IDEALPRO","USD.CNH",0,6.69259,6.69346,0
2022-07-05,81352991,"IDEALPRO","USD.CNH",0,6.69257,6.69346,0
2022-07-05,81354852,"IDEALPRO","USD.CNH",0,6.69257,6.69346,0
2022-07-05,81357542,"IDEALPRO","USD.CNH",0,6.69259,6.69348,0
2022-07-05,81358660,"IDEALPRO","USD.CNH",0,6.69259,6.69348,0
2022-07-05,81402633,"IDEALPRO","USD.CNH",0,6.69259,6.69347,0
2022-07-05,81403749,"IDEALPRO","USD.CNH",0,6.69259,6.69347,0
2022-07-05,81404645,"IDEALPRO","USD.CNH",0,6.69257,6.69347,0
2022-07-05,81405515,"IDEALPRO","USD.CNH",0,6.69259,6.69347,0
2022-07-05,81406409,"IDEALPRO","USD.CNH",0,6.69257,6.69347,0
2022-07-05,81407079,"IDEALPRO","USD.CNH",0,6.69259,6.69347,0
2022-07-05,81408868,"IDEALPRO","USD.CNH",0,6.69259,6.69349,0
2022-07-05,81412650,"IDEALPRO","USD.CNH",0,6.69261,6.69348,0
2022-07-05,81418574,"IDEALPRO","USD.CNH",0,6.69262,6.69353,0
2022-07-05,81421296,"IDEALPRO","USD.CNH",0,6.69259,6.69353,0
2022-07-05,81422412,"IDEALPRO","USD.CNH",0,6.69259,6.69353,0
2022-07-05,81427030,"IDEALPRO","USD.CNH",0,6.69262,6.69353,0
2022-07-05,81433510,"IDEALPRO","USD.CNH",0,6.69262,6.69349,0
2022-07-05,81445246,"IDEALPRO","USD.CNH",0,6.69262,6.69347,0
2022-07-05,81447704,"IDEALPRO","USD.CNH",0,6.69267,6.69344,0
2022-07-05,81452624,"IDEALPRO","USD.CNH",0,6.69267,6.69349,0
2022-07-05,81457280,"IDEALPRO","USD.CNH",0,6.69267,6.69347,0
2022-07-05,81508921,"IDEALPRO","USD.CNH",0,6.69269,6.69352,0
2022-07-05,81510424,"IDEALPRO","USD.CNH",0,6.69271,6.69352,0
2022-07-05,81516493,"IDEALPRO","USD.CNH",0,6.69272,6.69352,0
2022-07-05,81517839,"IDEALPRO","USD.CNH",0,6.69277,6.69349,0
2022-07-05,81518765,"IDEALPRO","USD.CNH",0,6.69277,6.69335,0
2022-07-05,81519211,"IDEALPRO","USD.CNH",0,6.69277,6.69358,0
2022-07-05,81520776,"IDEALPRO","USD.CNH",0,6.69281,6.69371,0
2022-07-05,81521000,"IDEALPRO","USD.CNH",0,6.69283,6.69371,0
2022-07-05,81523011,"IDEALPRO","USD.CNH",0,6.69283,6.6937,0
2022-07-05,81524799,"IDEALPRO","USD.CNH",0,6.69283,6.6937,0
2022-07-05,81525525,"IDEALPRO","USD.CNH",0,6.69294,6.69369,0
2022-07-05,81526865,"IDEALPRO","USD.CNH",0,6.6929,6.69377,0
2022-07-05,81530502,"IDEALPRO","USD.CNH",0,6.6929,6.69377,0
2022-07-05,81536664,"IDEALPRO","USD.CNH",0,6.69294,6.69376,0
2022-07-05,81546925,"IDEALPRO","USD.CNH",0,6.69291,6.69364,0
2022-07-05,81550366,"IDEALPRO","USD.CNH",0,6.69291,6.69364,0
2022-07-05,81600897,"IDEALPRO","USD.CNH",0,6.69291,6.69371,0
2022-07-05,81603580,"IDEALPRO","USD.CNH",0,6.69291,6.69366,0
2022-07-05,81635482,"IDEALPRO","USD.CNH",0,6.69291,6.69365,0
2022-07-05,81646724,"IDEALPRO","USD.CNH",0,6.69292,6.69365,0
2022-07-05,81658331,"IDEALPRO","USD.CNH",0,6.69293,6.69365,0
2022-07-05,81702733,"IDEALPRO","USD.CNH",0,6.69294,6.69367,0
2022-07-05,81703846,"IDEALPRO","USD.CNH",0,6.69298,6.6937,0
2022-07-05,81734846,"IDEALPRO","USD.CNH",0,6.69288,6.6936,0
2022-07-05,81738448,"IDEALPRO","USD.CNH",0,6.69294,6.69367,0
2022-07-05,81739784,"IDEALPRO","USD.CNH",0,6.69294,6.69367,0
2022-07-05,81800566,"IDEALPRO","USD.CNH",0,6.69293,6.69363,0
2022-07-05,81830314,"IDEALPRO","USD.CNH",0,6.69297,6.69363,0
2022-07-05,81838940,"IDEALPRO","USD.CNH",0,6.69282,6.69347,0
2022-07-05,81840722,"IDEALPRO","USD.CNH",0,6.69285,6.6935,0
2022-07-05,81909440,"IDEALPRO","USD.CNH",0,6.69286,6.69354,0
2022-07-05,81912112,"IDEALPRO","USD.CNH",0,6.69285,6.69353,0
2022-07-05,81913903,"IDEALPRO","USD.CNH",0,6.69255,6.69312,0
2022-07-05,81914571,"IDEALPRO","USD.CNH",0,6.69249,6.69298,0
2022-07-05,81915945,"IDEALPRO","USD.CNH",0,6.69232,6.69298,0
2022-07-05,81916837,"IDEALPRO","USD.CNH",0,6.69232,6.69298,0
2022-07-05,81917059,"IDEALPRO","USD.CNH",0,6.69245,6.69298,0
2022-07-05,81918618,"IDEALPRO","USD.CNH",0,6.69251,6.69298,0
2022-07-05,81921650,"IDEALPRO","USD.CNH",0,6.69251,6.69302,0
2022-07-05,81924768,"IDEALPRO","USD.CNH",0,6.69256,6.69326,0
2022-07-05,81925920,"IDEALPRO","USD.CNH",0,6.69251,6.69319,0
2022-07-05,81926365,"IDEALPRO","USD.CNH",0,6.69258,6.69319,0
2022-07-05,81928370,"IDEALPRO","USD.CNH",0,6.69256,6.69319,0
2022-07-05,81935796,"IDEALPRO","USD.CNH",0,6.69244,6.69305,0
2022-07-05,81936465,"IDEALPRO","USD.CNH",0,6.69247,6.69305,0
2022-07-05,81941809,"IDEALPRO","USD.CNH",0,6.69247,6.69304,0
2022-07-05,81946141,"IDEALPRO","USD.CNH",0,6.6925,6.69305,0
2022-07-05,81947923,"IDEALPRO","USD.CNH",0,6.69255,6.69305,0
2022-07-05,81948590,"IDEALPRO","USD.CNH",0,6.69259,6.69305,0
2022-07-05,81954824,"IDEALPRO","USD.CNH",0,6.69243,6.69318,0
2022-07-05,81956908,"IDEALPRO","USD.CNH",0,6.69243,6.6932,0
2022-07-05,82010858,"IDEALPRO","USD.CNH",0,6.69242,6.69311,0
2022-07-05,82011302,"IDEALPRO","USD.CNH",0,6.69249,6.69311,0
2022-07-05,82016686,"IDEALPRO","USD.CNH",0,6.69249,6.69309,0
2022-07-05,82018913,"IDEALPRO","USD.CNH",0,6.69252,6.69309,0
2022-07-05,82019803,"IDEALPRO","USD.CNH",0,6.69249,6.69309,0
2022-07-05,82020249,"IDEALPRO","USD.CNH",0,6.69252,6.69309,0
2022-07-05,82021362,"IDEALPRO","USD.CNH",0,6.69249,6.69309,0
2022-07-05,82022922,"IDEALPRO","USD.CNH",0,6.69249,6.69309,0
2022-07-05,82023367,"IDEALPRO","USD.CNH",0,6.69252,6.69309,0
2022-07-05,82025855,"IDEALPRO","USD.CNH",0,6.69252,6.69309,0
2022-07-05,82026968,"IDEALPRO","USD.CNH",0,6.69255,6.69309,0
2022-07-05,82027636,"IDEALPRO","USD.CNH",0,6.69259,6.69309,0
2022-07-05,82038646,"IDEALPRO","USD.CNH",0,6.69259,6.69309,0
2022-07-05,82039536,"IDEALPRO","USD.CNH",0,6.69253,6.69311,0
2022-07-05,82046805,"IDEALPRO","USD.CNH",0,6.6922,6.69277,0
2022-07-05,82047027,"IDEALPRO","USD.CNH",0,6.6922,6.69271,0
2022-07-05,82049923,"IDEALPRO","USD.CNH",0,6.69242,6.69327,0
2022-07-05,82050591,"IDEALPRO","USD.CNH",0,6.69254,6.69338,0
2022-07-05,82051705,"IDEALPRO","USD.CNH",0,6.69272,6.69343,0
2022-07-05,82052596,"IDEALPRO","USD.CNH",0,6.69263,6.69343,0
2022-07-05,82053710,"IDEALPRO","USD.CNH",0,6.69262,6.69335,0
2022-07-05,82055802,"IDEALPRO","USD.CNH",0,6.69251,6.69323,0
2022-07-05,82056693,"IDEALPRO","USD.CNH",0,6.69244,6.69323,0
2022-07-05,82100478,"IDEALPRO","USD.CNH",0,6.69251,6.69323,0
2022-07-05,82101591,"IDEALPRO","USD.CNH",0,6.69251,6.69318,0
2022-07-05,82114421,"IDEALPRO","USD.CNH",0,6.69258,6.69318,0
2022-07-05,82115575,"IDEALPRO","USD.CNH",0,6.69279,6.6934,0
2022-07-05,82121587,"IDEALPRO","USD.CNH",0,6.69253,6.69318,0
2022-07-05,82122478,"IDEALPRO","USD.CNH",0,6.69253,6.69327,0
2022-07-05,82123497,"IDEALPRO","USD.CNH",0,6.69253,6.69323,0
2022-07-05,82128572,"IDEALPRO","USD.CNH",0,6.69259,6.69332,0
2022-07-05,82129684,"IDEALPRO","USD.CNH",0,6.69258,6.69332,0
2022-07-05,82130573,"IDEALPRO","USD.CNH",0,6.69258,6.69332,0
2022-07-05,82131909,"IDEALPRO","USD.CNH",0,6.69258,6.69332,0
2022-07-05,82134582,"IDEALPRO","USD.CNH",0,6.69259,6.69328,0
2022-07-05,82135876,"IDEALPRO","USD.CNH",0,6.69257,6.69328,0
2022-07-05,82137879,"IDEALPRO","USD.CNH",0,6.69256,6.69328,0
2022-07-05,82138324,"IDEALPRO","USD.CNH",0,6.69256,6.69328,0
2022-07-05,82139693,"IDEALPRO","USD.CNH",0,6.69256,6.69328,0
2022-07-05,82147051,"IDEALPRO","USD.CNH",0,6.6926,6.69332,0
2022-07-05,82152629,"IDEALPRO","USD.CNH",0,6.6926,6.69336,0
2022-07-05,82153746,"IDEALPRO","USD.CNH",0,6.69256,6.69331,0
2022-07-05,82154415,"IDEALPRO","USD.CNH",0,6.69258,6.69331,0
2022-07-05,82156685,"IDEALPRO","USD.CNH",0,6.69261,6.69337,0
2022-07-05,82157799,"IDEALPRO","USD.CNH",0,6.69271,6.69348,0
2022-07-05,82158914,"IDEALPRO","USD.CNH",0,6.69276,6.6935,0
2022-07-05,82159808,"IDEALPRO","USD.CNH",0,6.69272,6.69354,0
2022-07-05,82204733,"IDEALPRO","USD.CNH",0,6.69272,6.69352,0
2022-07-05,82208526,"IDEALPRO","USD.CNH",0,6.6927,6.69352,0
2022-07-05,82229604,"IDEALPRO","USD.CNH",0,6.69262,6.69326,0
2022-07-05,82233617,"IDEALPRO","USD.CNH",0,6.6925,6.69325,0
2022-07-05,82234064,"IDEALPRO","USD.CNH",0,6.69254,6.69325,0
2022-07-05,82242158,"IDEALPRO","USD.CNH",0,6.69254,6.69323,0
2022-07-05,82244775,"IDEALPRO","USD.CNH",0,6.69281,6.69365,0
2022-07-05,82245930,"IDEALPRO","USD.CNH",0,6.69279,6.69363,0
2022-07-05,82255265,"IDEALPRO","USD.CNH",0,6.69288,6.69367,0
2022-07-05,82258622,"IDEALPRO","USD.CNH",0,6.69264,6.69345,0
2022-07-05,82313609,"IDEALPRO","USD.CNH",0,6.69259,6.69344,0
2022-07-05,82314055,"IDEALPRO","USD.CNH",0,6.69261,6.69344,0
2022-07-05,82316548,"IDEALPRO","USD.CNH",0,6.69261,6.69341,0
2022-07-05,82331412,"IDEALPRO","USD.CNH",0,6.69262,6.69345,0
2022-07-05,82332751,"IDEALPRO","USD.CNH",0,6.69283,6.69366,0
2022-07-05,82333196,"IDEALPRO","USD.CNH",0,6.69283,6.69366,0
2022-07-05,82337700,"IDEALPRO","USD.CNH",0,6.69287,6.69369,0
2022-07-05,82406409,"IDEALPRO","USD.CNH",0,6.69287,6.6937,0
2022-07-05,82412207,"IDEALPRO","USD.CNH",0,6.69293,6.6937,0
2022-07-05,82414441,"IDEALPRO","USD.CNH",0,6.69294,6.6937,0
2022-07-05,82427386,"IDEALPRO","USD.CNH",0,6.69294,6.69374,0
2022-07-05,82428279,"IDEALPRO","USD.CNH",0,6.69294,6.69373,0
2022-07-05,82431626,"IDEALPRO","USD.CNH",0,6.69301,6.69376,0
2022-07-05,82432965,"IDEALPRO","USD.CNH",0,6.69319,6.6938,0
2022-07-05,82433188,"IDEALPRO","USD.CNH",0,6.69316,6.6938,0
2022-07-05,82434079,"IDEALPRO","USD.CNH",0,6.69303,6.69376,0
2022-07-05,82437804,"IDEALPRO","USD.CNH",0,6.69305,6.6938,0
2022-07-05,82438251,"IDEALPRO","USD.CNH",0,6.69303,6.69376,0
2022-07-05,82441595,"IDEALPRO","USD.CNH",0,6.69303,6.69373,0
2022-07-05,82442041,"IDEALPRO","USD.CNH",0,6.69303,6.69376,0
2022-07-05,82443825,"IDEALPRO","USD.CNH",0,6.69415,6.69457,0
2022-07-05,82444718,"IDEALPRO","USD.CNH",0,6.69399,6.69461,0
2022-07-05,82445427,"IDEALPRO","USD.CNH",0,6.6941,6.69463,0
2022-07-05,82446988,"IDEALPRO","USD.CNH",0,6.6941,6.69462,0
2022-07-05,82447211,"IDEALPRO","USD.CNH",0,6.6941,6.69466,0
2022-07-05,82449442,"IDEALPRO","USD.CNH",0,6.6941,6.69465,0
2022-07-05,82450557,"IDEALPRO","USD.CNH",0,6.69416,6.69464,0
2022-07-05,82451003,"IDEALPRO","USD.CNH",0,6.69417,6.69464,0
2022-07-05,82452787,"IDEALPRO","USD.CNH",0,6.69421,6.69469,0
2022-07-05,82453233,"IDEALPRO","USD.CNH",0,6.69429,6.6948,0
2022-07-05,82454350,"IDEALPRO","USD.CNH",0,6.69431,6.6948,0
2022-07-05,82455743,"IDEALPRO","USD.CNH",0,6.69434,6.6948,0
2022-07-05,82456859,"IDEALPRO","USD.CNH",0,6.69447,6.6948,0
2022-07-05,82459534,"IDEALPRO","USD.CNH",0,6.69446,6.6948,0
2022-07-05,82500873,"IDEALPRO","USD.CNH",0,6.69475,6.69524,0
2022-07-05,82501540,"IDEALPRO","USD.CNH",0,6.69474,6.69523,0
2022-07-05,82503326,"IDEALPRO","USD.CNH",0,6.69474,6.69523,0
2022-07-05,82505294,"IDEALPRO","USD.CNH",0,6.69467,6.69515,0
2022-07-05,82506855,"IDEALPRO","USD.CNH",0,6.69474,6.69523,0
2022-07-05,82510870,"IDEALPRO","USD.CNH",0,6.69467,6.69515,0
2022-07-05,82511763,"IDEALPRO","USD.CNH",0,6.69467,6.69515,0
2022-07-05,82512654,"IDEALPRO","USD.CNH",0,6.6947,6.69519,0
2022-07-05,82520861,"IDEALPRO","USD.CNH",0,6.69543,6.69596,0
2022-07-05,82521975,"IDEALPRO","USD.CNH",0,6.69537,6.69595,0
2022-07-05,82522868,"IDEALPRO","USD.CNH",0,6.69539,6.69601,0
2022-07-05,82523984,"IDEALPRO","USD.CNH",0,6.69539,6.69603,0
2022-07-05,82525601,"IDEALPRO","USD.CNH",0,6.6954,6.696,0
2022-07-05,82526940,"IDEALPRO","USD.CNH",0,6.69534,6.69592,0
2022-07-05,82528502,"IDEALPRO","USD.CNH",0,6.69539,6.69587,0
2022-07-05,82529618,"IDEALPRO","USD.CNH",0,6.69537,6.69585,0
2022-07-05,82530286,"IDEALPRO","USD.CNH",0,6.69535,6.69583,0
2022-07-05,82536171,"IDEALPRO","USD.CNH",0,6.69537,6.69583,0
2022-07-05,82545439,"IDEALPRO","USD.CNH",0,6.69509,6.69558,0
2022-07-05,82546776,"IDEALPRO","USD.CNH",0,6.69514,6.69564,0
2022-07-05,82547890,"IDEALPRO","USD.CNH",0,6.69516,6.69566,0
2022-07-05,82548337,"IDEALPRO","USD.CNH",0,6.69517,6.69567,0
2022-07-05,82551748,"IDEALPRO","USD.CNH",0,6.69511,6.6956,0
2022-07-05,82552417,"IDEALPRO","USD.CNH",0,6.69509,6.69555,0
2022-07-05,82553309,"IDEALPRO","USD.CNH",0,6.69511,6.6956,0
2022-07-05,82554201,"IDEALPRO","USD.CNH",0,6.69509,6.69555,0
2022-07-05,82555400,"IDEALPRO","USD.CNH",0,6.69511,6.6956,0
2022-07-05,82556737,"IDEALPRO","USD.CNH",0,6.6951,6.69559,0
2022-07-05,82559837,"IDEALPRO","USD.CNH",0,6.69515,6.69565,0
2022-07-05,82613773,"IDEALPRO","USD.CNH",0,6.69512,6.69561,0
2022-07-05,82614219,"IDEALPRO","USD.CNH",0,6.69513,6.69563,0
2022-07-05,82620759,"IDEALPRO","USD.CNH",0,6.69509,6.69558,0
2022-07-05,82621205,"IDEALPRO","USD.CNH",0,6.69513,6.69565,0
2022-07-05,82638917,"IDEALPRO","USD.CNH",0,6.69516,6.69568,0
2022-07-05,82640703,"IDEALPRO","USD.CNH",0,6.69515,6.69567,0
2022-07-05,82641817,"IDEALPRO","USD.CNH",0,6.69512,6.69564,0
2022-07-05,82645568,"IDEALPRO","USD.CNH",0,6.69511,6.69563,0
2022-07-05,82648913,"IDEALPRO","USD.CNH",0,6.69528,6.69575,0
2022-07-05,82651590,"IDEALPRO","USD.CNH",0,6.69521,6.69572,0
2022-07-05,82652705,"IDEALPRO","USD.CNH",0,6.69529,6.69575,0
2022-07-05,82653822,"IDEALPRO","USD.CNH",0,6.69604,6.69646,0
2022-07-05,82654491,"IDEALPRO","USD.CNH",0,6.69604,6.69646,0
2022-07-05,82655199,"IDEALPRO","USD.CNH",0,6.69604,6.69646,0
2022-07-05,82657654,"IDEALPRO","USD.CNH",0,6.696,6.69645,0
2022-07-05,82658770,"IDEALPRO","USD.CNH",0,6.69601,6.69645,0
2022-07-05,82700556,"IDEALPRO","USD.CNH",0,6.69603,6.69646,0
2022-07-05,82704571,"IDEALPRO","USD.CNH",0,6.69603,6.69646,0
2022-07-05,82705519,"IDEALPRO","USD.CNH",0,6.69603,6.69642,0
2022-07-05,82709530,"IDEALPRO","USD.CNH",0,6.69603,6.69644,0
2022-07-05,82732678,"IDEALPRO","USD.CNH",0,6.69603,6.69645,0
2022-07-05,82734037,"IDEALPRO","USD.CNH",0,6.69605,6.69645,0
2022-07-05,82736658,"IDEALPRO","USD.CNH",0,6.69605,6.69641,0
2022-07-05,82737992,"IDEALPRO","USD.CNH",0,6.69586,6.69626,0
2022-07-05,82738882,"IDEALPRO","USD.CNH",0,6.69578,6.69623,0
2022-07-05,82739772,"IDEALPRO","USD.CNH",0,6.69576,6.69629,0
2022-07-05,82740217,"IDEALPRO","USD.CNH",0,6.69576,6.69624,0
2022-07-05,82741108,"IDEALPRO","USD.CNH",0,6.69576,6.69626,0
2022-07-05,82745601,"IDEALPRO","USD.CNH",0,6.69576,6.69628,0
2022-07-05,82746046,"IDEALPRO","USD.CNH",0,6.69576,6.69634,0
2022-07-05,82747160,"IDEALPRO","USD.CNH",0,6.69579,6.69635,0
2022-07-05,82800636,"IDEALPRO","USD.CNH",0,6.6958,6.69629,0
2022-07-05,82801080,"IDEALPRO","USD.CNH",0,6.69585,6.69635,0
2022-07-05,82802783,"IDEALPRO","USD.CNH",0,6.69584,6.6964,0
2022-07-05,82803007,"IDEALPRO","USD.CNH",0,6.69585,6.69635,0
2022-07-05,82814907,"IDEALPRO","USD.CNH",0,6.69577,6.69642,0
2022-07-05,82815614,"IDEALPRO","USD.CNH",0,6.69571,6.69628,0
2022-07-05,82816505,"IDEALPRO","USD.CNH",0,6.6957,6.69628,0
2022-07-05,82824875,"IDEALPRO","USD.CNH",0,6.6957,6.69624,0
2022-07-05,82830629,"IDEALPRO","USD.CNH",0,6.6957,6.69623,0
2022-07-05,82837962,"IDEALPRO","USD.CNH",0,6.6957,6.69624,0
2022-07-05,82843184,"IDEALPRO","USD.CNH",0,6.69569,6.69624,0
2022-07-05,82846897,"IDEALPRO","USD.CNH",0,6.69559,6.6961,0
2022-07-05,82847787,"IDEALPRO","USD.CNH",0,6.69529,6.69579,0
2022-07-05,82848454,"IDEALPRO","USD.CNH",0,6.69533,6.69583,0
2022-07-05,82849839,"IDEALPRO","USD.CNH",0,6.69533,6.69583,0
2022-07-05,82858474,"IDEALPRO","USD.CNH",0,6.69535,6.69585,0
2022-07-05,82900841,"IDEALPRO","USD.CNH",0,6.69512,6.69564,0
2022-07-05,82901285,"IDEALPRO","USD.CNH",0,6.69511,6.6956,0
2022-07-05,82902621,"IDEALPRO","USD.CNH",0,6.69515,6.69565,0
2022-07-05,82903511,"IDEALPRO","USD.CNH",0,6.69502,6.69554,0
2022-07-05,82904807,"IDEALPRO","USD.CNH",0,6.69482,6.69532,0
2022-07-05,82905737,"IDEALPRO","USD.CNH",0,6.69508,6.69557,0
2022-07-05,82906628,"IDEALPRO","USD.CNH",0,6.6949,6.69539,0
2022-07-05,82907296,"IDEALPRO","USD.CNH",0,6.69484,6.69533,0
2022-07-05,82911459,"IDEALPRO","USD.CNH",0,6.69481,6.69531,0
2022-07-05,82917805,"IDEALPRO","USD.CNH",0,6.69461,6.69509,0
2022-07-05,82918473,"IDEALPRO","USD.CNH",0,6.69456,6.69505,0
2022-07-05,82924770,"IDEALPRO","USD.CNH",0,6.69454,6.69506,0
2022-07-05,82927035,"IDEALPRO","USD.CNH",0,6.69456,6.69505,0
2022-07-05,82937984,"IDEALPRO","USD.CNH",0,6.69459,6.69507,0
2022-07-05,83000868,"IDEALPRO","USD.CNH",0,6.69459,6.69507,0
2022-07-05,83005030,"IDEALPRO","USD.CNH",0,6.69458,6.69508,0
2022-07-05,83034896,"IDEALPRO","USD.CNH",0,6.69463,6.69513,0
2022-07-05,83038722,"IDEALPRO","USD.CNH",0,6.69465,6.69515,0
2022-07-05,83044736,"IDEALPRO","USD.CNH",0,6.69463,6.69513,0
2022-07-05,83049689,"IDEALPRO","USD.CNH",0,6.69468,6.69518,0
2022-07-05,83050134,"IDEALPRO","USD.CNH",0,6.69471,6.69521,0
2022-07-05,83052583,"IDEALPRO","USD.CNH",0,6.69471,6.69522,0
2022-07-05,83103086,"IDEALPRO","USD.CNH",0,6.69466,6.69526,0
2022-07-05,83107518,"IDEALPRO","USD.CNH",0,6.69462,6.69526,0
2022-07-05,83108855,"IDEALPRO","USD.CNH",0,6.69466,6.69526,0
2022-07-05,83111526,"IDEALPRO","USD.CNH",0,6.69466,6.69529,0
2022-07-05,83113753,"IDEALPRO","USD.CNH",0,6.69467,6.69529,0
2022-07-05,83114199,"IDEALPRO","USD.CNH",0,6.69465,6.69528,0
2022-07-05,83118938,"IDEALPRO","USD.CNH",0,6.69465,6.69528,0
2022-07-05,83120051,"IDEALPRO","USD.CNH",0,6.69467,6.69526,0
2022-07-05,83122789,"IDEALPRO","USD.CNH",0,6.69463,6.69526,0
2022-07-05,83128265,"IDEALPRO","USD.CNH",0,6.69465,6.69526,0
2022-07-05,83131827,"IDEALPRO","USD.CNH",0,6.69505,6.69576,0
2022-07-05,83132496,"IDEALPRO","USD.CNH",0,6.69505,6.69578,0
2022-07-05,83134722,"IDEALPRO","USD.CNH",0,6.69506,6.69579,0
2022-07-05,83135669,"IDEALPRO","USD.CNH",0,6.69507,6.69575,0
2022-07-05,83137005,"IDEALPRO","USD.CNH",0,6.69511,6.69578,0
2022-07-05,83152849,"IDEALPRO","USD.CNH",0,6.69517,6.69573,0
2022-07-05,83154853,"IDEALPRO","USD.CNH",0,6.69514,6.69576,0
2022-07-05,83200737,"IDEALPRO","USD.CNH",0,6.69487,6.6956,0
2022-07-05,83201629,"IDEALPRO","USD.CNH",0,6.6949,6.69557,0
2022-07-05,83203410,"IDEALPRO","USD.CNH",0,6.69487,6.69554,0
2022-07-05,83204968,"IDEALPRO","USD.CNH",0,6.69497,6.69565,0
2022-07-05,83210598,"IDEALPRO","USD.CNH",0,6.69489,6.69556,0
2022-07-05,83223557,"IDEALPRO","USD.CNH",0,6.69485,6.69552,0
2022-07-05,83224002,"IDEALPRO","USD.CNH",0,6.69482,6.69548,0
2022-07-05,83228718,"IDEALPRO","USD.CNH",0,6.6948,6.69548,0
2022-07-05,83246340,"IDEALPRO","USD.CNH",0,6.69486,6.69553,0
2022-07-05,83252363,"IDEALPRO","USD.CNH",0,6.6948,6.69548,0
2022-07-05,83255527,"IDEALPRO","USD.CNH",0,6.69477,6.69552,0
2022-07-05,83256865,"IDEALPRO","USD.CNH",0,6.69477,6.69552,0
2022-07-05,83257535,"IDEALPRO","USD.CNH",0,6.69478,6.69552,0
2022-07-05,83312433,"IDEALPRO","USD.CNH",0,6.69478,6.69549,0
2022-07-05,83350590,"IDEALPRO","USD.CNH",0,6.69478,6.69553,0
2022-07-05,83407749,"IDEALPRO","USD.CNH",0,6.69491,6.69552,0
2022-07-05,83410560,"IDEALPRO","USD.CNH",0,6.69486,6.69552,0
2022-07-05,83415021,"IDEALPRO","USD.CNH",0,6.69482,6.69552,0
2022-07-05,83423671,"IDEALPRO","USD.CNH",0,6.69482,6.69556,0
2022-07-05,83501703,"IDEALPRO","USD.CNH",0,6.69482,6.69549,0
2022-07-05,83502818,"IDEALPRO","USD.CNH",0,6.69457,6.69529,0
2022-07-05,83504809,"IDEALPRO","USD.CNH",0,6.69456,6.69525,0
2022-07-05,83505964,"IDEALPRO","USD.CNH",0,6.69459,6.69525,0
2022-07-05,83507525,"IDEALPRO","USD.CNH",0,6.69455,6.69525,0
2022-07-05,83511095,"IDEALPRO","USD.CNH",0,6.69455,6.69526,0
2022-07-05,83514783,"IDEALPRO","USD.CNH",0,6.69455,6.69526,0
2022-07-05,83515490,"IDEALPRO","USD.CNH",0,6.69455,6.69526,0
2022-07-05,83520003,"IDEALPRO","USD.CNH",0,6.69457,6.69526,0
2022-07-05,83521127,"IDEALPRO","USD.CNH",0,6.69457,6.6953,0
2022-07-05,83523321,"IDEALPRO","USD.CNH",0,6.69467,6.69534,0
2022-07-05,83528792,"IDEALPRO","USD.CNH",0,6.69495,6.69541,0
2022-07-05,83529908,"IDEALPRO","USD.CNH",0,6.69499,6.69548,0
2022-07-05,83530354,"IDEALPRO","USD.CNH",0,6.69499,6.69541,0
2022-07-05,83532836,"IDEALPRO","USD.CNH",0,6.69497,6.69541,0
2022-07-05,83537782,"IDEALPRO","USD.CNH",0,6.69481,6.69541,0
2022-07-05,83538006,"IDEALPRO","USD.CNH",0,6.6948,6.69541,0
2022-07-05,83541799,"IDEALPRO","USD.CNH",0,6.69487,6.69541,0
2022-07-05,83542245,"IDEALPRO","USD.CNH",0,6.69487,6.69538,0
2022-07-05,83543360,"IDEALPRO","USD.CNH",0,6.69487,6.69541,0
2022-07-05,83546996,"IDEALPRO","USD.CNH",0,6.69488,6.69542,0
2022-07-05,83547887,"IDEALPRO","USD.CNH",0,6.69492,6.69542,0
2022-07-05,83549448,"IDEALPRO","USD.CNH",0,6.69488,6.69542,0
2022-07-05,83558943,"IDEALPRO","USD.CNH",0,6.69488,6.69543,0
2022-07-05,83609576,"IDEALPRO","USD.CNH",0,6.69488,6.69542,0
2022-07-05,83614745,"IDEALPRO","USD.CNH",0,6.6948,6.69542,0
2022-07-05,83615898,"IDEALPRO","USD.CNH",0,6.69475,6.69542,0
2022-07-05,83617013,"IDEALPRO","USD.CNH",0,6.69481,6.69542,0
2022-07-05,83618128,"IDEALPRO","USD.CNH",0,6.69475,6.69542,0
2022-07-05,83619020,"IDEALPRO","USD.CNH",0,6.69482,6.69542,0
2022-07-05,83621027,"IDEALPRO","USD.CNH",0,6.69482,6.69546,0
2022-07-05,83622587,"IDEALPRO","USD.CNH",0,6.69487,6.69546,0
2022-07-05,83629329,"IDEALPRO","USD.CNH",0,6.69474,6.69546,0
2022-07-05,83630891,"IDEALPRO","USD.CNH",0,6.69486,6.69546,0
2022-07-05,83640565,"IDEALPRO","USD.CNH",0,6.69486,6.69544,0
2022-07-05,83642571,"IDEALPRO","USD.CNH",0,6.69486,6.69546,0
2022-07-05,83644865,"IDEALPRO","USD.CNH",0,6.69486,6.69544,0
2022-07-05,83646912,"IDEALPRO","USD.CNH",0,6.69486,6.69546,0
2022-07-05,83647804,"IDEALPRO","USD.CNH",0,6.69505,6.69557,0
2022-07-05,83648696,"IDEALPRO","USD.CNH",0,6.69505,6.69563,0
2022-07-05,83649812,"IDEALPRO","USD.CNH",0,6.69501,6.69551,0
2022-07-05,83650926,"IDEALPRO","USD.CNH",0,6.69493,6.6955,0
2022-07-05,83651596,"IDEALPRO","USD.CNH",0,6.69493,6.69549,0
2022-07-05,83653825,"IDEALPRO","USD.CNH",0,6.69504,6.69549,0
2022-07-05,83654940,"IDEALPRO","USD.CNH",0,6.69504,6.69551,0
2022-07-05,83655426,"IDEALPRO","USD.CNH",0,6.69504,6.69548,0
2022-07-05,83659886,"IDEALPRO","USD.CNH",0,6.69504,6.69549,0
2022-07-05,83701448,"IDEALPRO","USD.CNH",0,6.69495,6.69549,0
2022-07-05,83702788,"IDEALPRO","USD.CNH",0,6.69495,6.69552,0
2022-07-05,83703903,"IDEALPRO","USD.CNH",0,6.69495,6.69549,0
2022-07-05,83705294,"IDEALPRO","USD.CNH",0,6.69495,6.69542,0
2022-07-05,83706407,"IDEALPRO","USD.CNH",0,6.69495,6.69543,0
2022-07-05,83709820,"IDEALPRO","USD.CNH",0,6.69495,6.69544,0
2022-07-05,83714727,"IDEALPRO","USD.CNH",0,6.69495,6.69561,0
2022-07-05,83715435,"IDEALPRO","USD.CNH",0,6.69495,6.6956,0
2022-07-05,83717935,"IDEALPRO","USD.CNH",0,6.69494,6.69561,0
2022-07-05,83718381,"IDEALPRO","USD.CNH",0,6.69494,6.69561,0
2022-07-05,83722584,"IDEALPRO","USD.CNH",0,6.69498,6.69561,0
2022-07-05,83724812,"IDEALPRO","USD.CNH",0,6.69498,6.6957,0
2022-07-05,83725760,"IDEALPRO","USD.CNH",0,6.69602,6.69646,0
2022-07-05,83726652,"IDEALPRO","USD.CNH",0,6.69592,6.69646,0
2022-07-05,83729775,"IDEALPRO","USD.CNH",0,6.69586,6.69646,0
2022-07-05,83749755,"IDEALPRO","USD.CNH",0,6.69587,6.69646,0
2022-07-05,83751858,"IDEALPRO","USD.CNH",0,6.69573,6.69643,0
2022-07-05,83755680,"IDEALPRO","USD.CNH",0,6.69572,6.69641,0
2022-07-05,83758352,"IDEALPRO","USD.CNH",0,6.69575,6.69645,0
2022-07-05,83805294,"IDEALPRO","USD.CNH",0,6.69575,6.69641,0
2022-07-05,83810860,"IDEALPRO","USD.CNH",0,6.69572,6.69642,0
2022-07-05,83812641,"IDEALPRO","USD.CNH",0,6.69572,6.69642,0
2022-07-05,83813531,"IDEALPRO","USD.CNH",0,6.69572,6.6964,0
2022-07-05,83814645,"IDEALPRO","USD.CNH",0,6.69572,6.69641,0
2022-07-05,83815798,"IDEALPRO","USD.CNH",0,6.69567,6.69625,0
2022-07-05,83816910,"IDEALPRO","USD.CNH",0,6.69558,6.69623,0
2022-07-05,83817801,"IDEALPRO","USD.CNH",0,6.69558,6.69624,0
2022-07-05,83818248,"IDEALPRO","USD.CNH",0,6.69554,6.69623,0
2022-07-05,83821813,"IDEALPRO","USD.CNH",0,6.69558,6.69625,0
2022-07-05,83825194,"IDEALPRO","USD.CNH",0,6.69561,6.69625,0
2022-07-05,83826307,"IDEALPRO","USD.CNH",0,6.69561,6.69625,0
2022-07-05,83828979,"IDEALPRO","USD.CNH",0,6.69552,6.69615,0
2022-07-05,83829647,"IDEALPRO","USD.CNH",0,6.69545,6.69607,0
2022-07-05,83830761,"IDEALPRO","USD.CNH",0,6.69545,6.69608,0
2022-07-05,83834626,"IDEALPRO","USD.CNH",0,6.69546,6.69608,0
2022-07-05,83835794,"IDEALPRO","USD.CNH",0,6.69546,6.69605,0
2022-07-05,83840302,"IDEALPRO","USD.CNH",0,6.69546,6.69606,0
2022-07-05,83851690,"IDEALPRO","USD.CNH",0,6.69561,6.69621,0
2022-07-05,83852803,"IDEALPRO","USD.CNH",0,6.69561,6.69617,0
2022-07-05,83853103,"IDEALPRO","USD.CNH",0,6.69557,6.69617,0
2022-07-05,83854771,"IDEALPRO","USD.CNH",0,6.69557,6.69614,0
2022-07-05,83855233,"IDEALPRO","USD.CNH",0,6.69557,6.69618,0
2022-07-05,83859663,"IDEALPRO","USD.CNH",0,6.69557,6.69619,0
2022-07-05,83901667,"IDEALPRO","USD.CNH",0,6.69559,6.69614,0
2022-07-05,83902333,"IDEALPRO","USD.CNH",0,6.69559,6.69619,0
2022-07-05,83903225,"IDEALPRO","USD.CNH",0,6.69559,6.69615,0
2022-07-05,83905961,"IDEALPRO","USD.CNH",0,6.69582,6.69639,0
2022-07-05,83906407,"IDEALPRO","USD.CNH",0,6.69594,6.69634,0
2022-07-05,83907742,"IDEALPRO","USD.CNH",0,6.69594,6.69634,0
2022-07-05,83909525,"IDEALPRO","USD.CNH",0,6.69594,6.69634,0
2022-07-05,83910642,"IDEALPRO","USD.CNH",0,6.69594,6.69633,0
2022-07-05,83911902,"IDEALPRO","USD.CNH",0,6.69563,6.69633,0
2022-07-05,83912792,"IDEALPRO","USD.CNH",0,6.69548,6.69612,0
2022-07-05,83916614,"IDEALPRO","USD.CNH",0,6.69548,6.69612,0
2022-07-05,83919732,"IDEALPRO","USD.CNH",0,6.6955,6.69612,0
2022-07-05,83920177,"IDEALPRO","USD.CNH",0,6.6955,6.69613,0
2022-07-05,83921876,"IDEALPRO","USD.CNH",0,6.69554,6.69613,0
2022-07-05,83922990,"IDEALPRO","USD.CNH",0,6.69575,6.69627,0
2022-07-05,83928610,"IDEALPRO","USD.CNH",0,6.69578,6.69627,0
2022-07-05,83933940,"IDEALPRO","USD.CNH",0,6.69578,6.69631,0
2022-07-05,83934385,"IDEALPRO","USD.CNH",0,6.69578,6.69634,0
2022-07-05,83939771,"IDEALPRO","USD.CNH",0,6.69578,6.69634,0
2022-07-05,83942644,"IDEALPRO","USD.CNH",0,6.69578,6.69641,0
2022-07-05,83943090,"IDEALPRO","USD.CNH",0,6.69578,6.69638,0
2022-07-05,83944873,"IDEALPRO","USD.CNH",0,6.69578,6.69638,0
2022-07-05,83945358,"IDEALPRO","USD.CNH",0,6.69578,6.69634,0
2022-07-05,83948486,"IDEALPRO","USD.CNH",0,6.69583,6.69637,0
2022-07-05,83953674,"IDEALPRO","USD.CNH",0,6.69583,6.69638,0
2022-07-05,83958683,"IDEALPRO","USD.CNH",0,6.69545,6.69604,0
2022-07-05,83959573,"IDEALPRO","USD.CNH",0,6.69555,6.69619,0
2022-07-05,84000685,"IDEALPRO","USD.CNH",0,6.69555,6.69616,0
2022-07-05,84001354,"IDEALPRO","USD.CNH",0,6.69555,6.69619,0
2022-07-05,84008857,"IDEALPRO","USD.CNH",0,6.69577,6.69636,0
2022-07-05,84009970,"IDEALPRO","USD.CNH",0,6.69579,6.69629,0
2022-07-05,84010638,"IDEALPRO","USD.CNH",0,6.69579,6.69626,0
2022-07-05,84012864,"IDEALPRO","USD.CNH",0,6.69579,6.69621,0
2022-07-05,84013755,"IDEALPRO","USD.CNH",0,6.6958,6.69627,0
2022-07-05,84014423,"IDEALPRO","USD.CNH",0,6.6958,6.69631,0
2022-07-05,84020919,"IDEALPRO","USD.CNH",0,6.6958,6.69631,0
2022-07-05,84024704,"IDEALPRO","USD.CNH",0,6.6958,6.69631,0
2022-07-05,84025150,"IDEALPRO","USD.CNH",0,6.6958,6.69631,0
2022-07-05,84030755,"IDEALPRO","USD.CNH",0,6.6958,6.69636,0
2022-07-05,84039698,"IDEALPRO","USD.CNH",0,6.69597,6.69646,0
2022-07-05,84048806,"IDEALPRO","USD.CNH",0,6.69569,6.69625,0
2022-07-05,84049028,"IDEALPRO","USD.CNH",0,6.69552,6.69608,0
2022-07-05,84050586,"IDEALPRO","USD.CNH",0,6.69557,6.69613,0
2022-07-05,84051475,"IDEALPRO","USD.CNH",0,6.69559,6.69612,0
2022-07-05,84053702,"IDEALPRO","USD.CNH",0,6.69555,6.6961,0
2022-07-05,84054815,"IDEALPRO","USD.CNH",0,6.69555,6.6961,0
2022-07-05,84055745,"IDEALPRO","USD.CNH",0,6.69566,6.6961,0
2022-07-05,84056635,"IDEALPRO","USD.CNH",0,6.69566,6.69614,0
2022-07-05,84057080,"IDEALPRO","USD.CNH",0,6.69566,6.69607,0
2022-07-05,84059859,"IDEALPRO","USD.CNH",0,6.69569,6.6961,0
2022-07-05,84105963,"IDEALPRO","USD.CNH",0,6.69568,6.69605,0
2022-07-05,84106629,"IDEALPRO","USD.CNH",0,6.69559,6.6961,0
2022-07-05,84107520,"IDEALPRO","USD.CNH",0,6.6956,6.69605,0
2022-07-05,84113580,"IDEALPRO","USD.CNH",0,6.6956,6.69605,0
2022-07-05,84114693,"IDEALPRO","USD.CNH",0,6.6956,6.69604,0
2022-07-05,84119513,"IDEALPRO","USD.CNH",0,6.69558,6.69604,0
2022-07-05,84121328,"IDEALPRO","USD.CNH",0,6.6956,6.69604,0
2022-07-05,84123944,"IDEALPRO","USD.CNH",0,6.69564,6.69618,0
2022-07-05,84124611,"IDEALPRO","USD.CNH",0,6.69571,6.69615,0
2022-07-05,84125763,"IDEALPRO","USD.CNH",0,6.69571,6.69606,0
2022-07-05,84126208,"IDEALPRO","USD.CNH",0,6.69571,6.69609,0
2022-07-05,84128919,"IDEALPRO","USD.CNH",0,6.6954,6.69586,0
2022-07-05,84129365,"IDEALPRO","USD.CNH",0,6.6955,6.69586,0
2022-07-05,84130927,"IDEALPRO","USD.CNH",0,6.69555,6.69591,0
2022-07-05,84131593,"IDEALPRO","USD.CNH",0,6.69563,6.69596,0
2022-07-05,84132484,"IDEALPRO","USD.CNH",0,6.69548,6.69592,0
2022-07-05,84135640,"IDEALPRO","USD.CNH",0,6.69549,6.69592,0
2022-07-05,84137866,"IDEALPRO","USD.CNH",0,6.6956,6.69598,0
2022-07-05,84139424,"IDEALPRO","USD.CNH",0,6.6956,6.69598,0
2022-07-05,84140093,"IDEALPRO","USD.CNH",0,6.6956,6.69598,0
2022-07-05,84145696,"IDEALPRO","USD.CNH",0,6.69558,6.69598,0
2022-07-05,84146809,"IDEALPRO","USD.CNH",0,6.69558,6.69594,0
2022-07-05,84147476,"IDEALPRO","USD.CNH",0,6.69558,6.69593,0
2022-07-05,84151262,"IDEALPRO","USD.CNH",0,6.69551,6.69593,0
2022-07-05,84155974,"IDEALPRO","USD.CNH",0,6.69558,6.69602,0
2022-07-05,84158645,"IDEALPRO","USD.CNH",0,6.69559,6.69602,0
2022-07-05,84202902,"IDEALPRO","USD.CNH",0,6.69562,6.69605,0
2022-07-05,84203346,"IDEALPRO","USD.CNH",0,6.69562,6.69605,0
2022-07-05,84219921,"IDEALPRO","USD.CNH",0,6.69562,6.69605,0
2022-07-05,84220590,"IDEALPRO","USD.CNH",0,6.69562,6.69604,0
2022-07-05,84225973,"IDEALPRO","USD.CNH",0,6.69574,6.69619,0
2022-07-05,84227530,"IDEALPRO","USD.CNH",0,6.69565,6.69607,0
2022-07-05,84228644,"IDEALPRO","USD.CNH",0,6.69573,6.69621,0
2022-07-05,84229310,"IDEALPRO","USD.CNH",0,6.69573,6.69616,0
2022-07-05,84231316,"IDEALPRO","USD.CNH",0,6.6957,6.69616,0
2022-07-05,84233270,"IDEALPRO","USD.CNH",0,6.69574,6.69616,0
2022-07-05,84243751,"IDEALPRO","USD.CNH",0,6.69574,6.69617,0
2022-07-05,84244196,"IDEALPRO","USD.CNH",0,6.69574,6.69613,0
2022-07-05,84254399,"IDEALPRO","USD.CNH",0,6.6955,6.69599,0
2022-07-05,84255775,"IDEALPRO","USD.CNH",0,6.69557,6.69604,0
2022-07-05,84257701,"IDEALPRO","USD.CNH",0,6.69557,6.69603,0
2022-07-05,84300817,"IDEALPRO","USD.CNH",0,6.69557,6.69604,0
2022-07-05,84309901,"IDEALPRO","USD.CNH",0,6.69557,6.69604,0
2022-07-05,84311906,"IDEALPRO","USD.CNH",0,6.69557,6.69598,0
2022-07-05,84312128,"IDEALPRO","USD.CNH",0,6.69557,6.69604,0
2022-07-05,84313141,"IDEALPRO","USD.CNH",0,6.69557,6.696,0
2022-07-05,84316447,"IDEALPRO","USD.CNH",0,6.69558,6.696,0
2022-07-05,84318966,"IDEALPRO","USD.CNH",0,6.69563,6.69602,0
2022-07-05,84319411,"IDEALPRO","USD.CNH",0,6.69563,6.69606,0
2022-07-05,84322980,"IDEALPRO","USD.CNH",0,6.69563,6.69608,0
2022-07-05,84323649,"IDEALPRO","USD.CNH",0,6.69572,6.69611,0
2022-07-05,84324095,"IDEALPRO","USD.CNH",0,6.69572,6.69613,0
2022-07-05,84328820,"IDEALPRO","USD.CNH",0,6.69572,6.69619,0
2022-07-05,84329712,"IDEALPRO","USD.CNH",0,6.69574,6.69619,0
2022-07-05,84335552,"IDEALPRO","USD.CNH",0,6.69574,6.69622,0
2022-07-05,84342423,"IDEALPRO","USD.CNH",0,6.69567,6.6961,0
2022-07-05,84343091,"IDEALPRO","USD.CNH",0,6.69567,6.69611,0
2022-07-05,84347714,"IDEALPRO","USD.CNH",0,6.69562,6.69611,0
2022-07-05,84351951,"IDEALPRO","USD.CNH",0,6.69578,6.69627,0
2022-07-05,84400815,"IDEALPRO","USD.CNH",0,6.69573,6.69627,0
2022-07-05,84401260,"IDEALPRO","USD.CNH",0,6.69573,6.69617,0
2022-07-05,84403987,"IDEALPRO","USD.CNH",0,6.69554,6.69602,0
2022-07-05,84404433,"IDEALPRO","USD.CNH",0,6.69554,6.696,0
2022-07-05,84405034,"IDEALPRO","USD.CNH",0,6.69554,6.69593,0
2022-07-05,84406634,"IDEALPRO","USD.CNH",0,6.69563,6.69609,0
2022-07-05,84418949,"IDEALPRO","USD.CNH",0,6.69559,6.6961,0
2022-07-05,84419395,"IDEALPRO","USD.CNH",0,6.69559,6.69608,0
2022-07-05,84421849,"IDEALPRO","USD.CNH",0,6.69565,6.69612,0
2022-07-05,84422295,"IDEALPRO","USD.CNH",0,6.69565,6.69613,0
2022-07-05,84425680,"IDEALPRO","USD.CNH",0,6.69565,6.69615,0
2022-07-05,84426571,"IDEALPRO","USD.CNH",0,6.69565,6.69615,0
2022-07-05,84427464,"IDEALPRO","USD.CNH",0,6.69587,6.69637,0
2022-07-05,84429917,"IDEALPRO","USD.CNH",0,6.69586,6.69636,0
2022-07-05,84432760,"IDEALPRO","USD.CNH",0,6.69586,6.69635,0
2022-07-05,84433877,"IDEALPRO","USD.CNH",0,6.69586,6.69631,0
2022-07-05,84434322,"IDEALPRO","USD.CNH",0,6.69587,6.69631,0
2022-07-05,84435924,"IDEALPRO","USD.CNH",0,6.69571,6.6962,0
2022-07-05,84436816,"IDEALPRO","USD.CNH",0,6.69548,6.69595,0
2022-07-05,84438825,"IDEALPRO","USD.CNH",0,6.69547,6.69592,0
2022-07-05,84439939,"IDEALPRO","USD.CNH",0,6.69544,6.69591,0
2022-07-05,84440908,"IDEALPRO","USD.CNH",0,6.69543,6.6959,0
2022-07-05,84441578,"IDEALPRO","USD.CNH",0,6.69543,6.69586,0
2022-07-05,84442693,"IDEALPRO","USD.CNH",0,6.69544,6.69589,0
2022-07-05,84444701,"IDEALPRO","USD.CNH",0,6.69544,6.69588,0
2022-07-05,84449869,"IDEALPRO","USD.CNH",0,6.69544,6.69584,0
2022-07-05,84455947,"IDEALPRO","USD.CNH",0,6.69544,6.69587,0
2022-07-05,84456170,"IDEALPRO","USD.CNH",0,6.69547,6.69587,0
2022-07-05,84501745,"IDEALPRO","USD.CNH",0,6.69547,6.69591,0
2022-07-05,84504420,"IDEALPRO","USD.CNH",0,6.69547,6.69589,0
2022-07-05,84505966,"IDEALPRO","USD.CNH",0,6.69551,6.69591,0
2022-07-05,84506862,"IDEALPRO","USD.CNH",0,6.69567,6.69611,0
2022-07-05,84511762,"IDEALPRO","USD.CNH",0,6.69569,6.69611,0
2022-07-05,84516757,"IDEALPRO","USD.CNH",0,6.69565,6.69611,0
2022-07-05,84519877,"IDEALPRO","USD.CNH",0,6.69559,6.69609,0
2022-07-05,84520323,"IDEALPRO","USD.CNH",0,6.69551,6.69604,0
2022-07-05,84521660,"IDEALPRO","USD.CNH",0,6.69551,6.69601,0
2022-07-05,84523667,"IDEALPRO","USD.CNH",0,6.69549,6.69599,0
2022-07-05,84524780,"IDEALPRO","USD.CNH",0,6.69549,6.69595,0
2022-07-05,84527496,"IDEALPRO","USD.CNH",0,6.69549,6.69596,0
2022-07-05,84528165,"IDEALPRO","USD.CNH",0,6.69549,6.69593,0
2022-07-05,84530963,"IDEALPRO","USD.CNH",0,6.69549,6.69591,0
2022-07-05,84535686,"IDEALPRO","USD.CNH",0,6.69549,6.69589,0
2022-07-05,84537248,"IDEALPRO","USD.CNH",0,6.69549,6.69585,0
2022-07-05,84538808,"IDEALPRO","USD.CNH",0,6.69543,6.69589,0
2022-07-05,84539477,"IDEALPRO","USD.CNH",0,6.69543,6.69588,0
2022-07-05,84549198,"IDEALPRO","USD.CNH",0,6.69543,6.69586,0
2022-07-05,84551428,"IDEALPRO","USD.CNH",0,6.69543,6.69582,0
2022-07-05,84614256,"IDEALPRO","USD.CNH",0,6.69543,6.69578,0
2022-07-05,84616987,"IDEALPRO","USD.CNH",0,6.69542,6.69581,0
2022-07-05,84617210,"IDEALPRO","USD.CNH",0,6.69541,6.69581,0
2022-07-05,84619885,"IDEALPRO","USD.CNH",0,6.69538,6.69573,0
2022-07-05,84620554,"IDEALPRO","USD.CNH",0,6.69538,6.69585,0
2022-07-05,84621228,"IDEALPRO","USD.CNH",0,6.69538,6.69567,0
2022-07-05,84624632,"IDEALPRO","USD.CNH",0,6.69533,6.69565,0
2022-07-05,84625078,"IDEALPRO","USD.CNH",0,6.69533,6.69567,0
2022-07-05,84626901,"IDEALPRO","USD.CNH",0,6.69532,6.69567,0
2022-07-05,84627347,"IDEALPRO","USD.CNH",0,6.69532,6.69566,0
2022-07-05,84629800,"IDEALPRO","USD.CNH",0,6.69532,6.69585,0
2022-07-05,84630692,"IDEALPRO","USD.CNH",0,6.69532,6.69565,0
2022-07-05,84631585,"IDEALPRO","USD.CNH",0,6.69531,6.69561,0
2022-07-05,84633451,"IDEALPRO","USD.CNH",0,6.69531,6.69568,0
2022-07-05,84634343,"IDEALPRO","USD.CNH",0,6.69531,6.6957,0
2022-07-05,84635719,"IDEALPRO","USD.CNH",0,6.69531,6.69573,0
2022-07-05,84642855,"IDEALPRO","USD.CNH",0,6.69531,6.69578,0
2022-07-05,84643523,"IDEALPRO","USD.CNH",0,6.69529,6.69577,0
2022-07-05,84647578,"IDEALPRO","USD.CNH",0,6.69528,6.69576,0
2022-07-05,84649810,"IDEALPRO","USD.CNH",0,6.69515,6.69555,0
2022-07-05,84650701,"IDEALPRO","USD.CNH",0,6.69515,6.69555,0
2022-07-05,84651815,"IDEALPRO","USD.CNH",0,6.69511,6.69557,0
2022-07-05,84653376,"IDEALPRO","USD.CNH",0,6.69512,6.69557,0
2022-07-05,84654938,"IDEALPRO","USD.CNH",0,6.69512,6.69558,0
2022-07-05,84655646,"IDEALPRO","USD.CNH",0,6.69511,6.69558,0
2022-07-05,84658321,"IDEALPRO","USD.CNH",0,6.69511,6.69555,0
2022-07-05,84659659,"IDEALPRO","USD.CNH",0,6.69511,6.69553,0
2022-07-05,84700997,"IDEALPRO","USD.CNH",0,6.69511,6.69553,0
2022-07-05,84701889,"IDEALPRO","USD.CNH",0,6.69465,6.69518,0
2022-07-05,84702558,"IDEALPRO","USD.CNH",0,6.6946,6.69516,0
2022-07-05,84703674,"IDEALPRO","USD.CNH",0,6.69463,6.69517,0
2022-07-05,84704565,"IDEALPRO","USD.CNH",0,6.69463,6.69516,0
2022-07-05,84705967,"IDEALPRO","USD.CNH",0,6.69466,6.69517,0
2022-07-05,84706635,"IDEALPRO","USD.CNH",0,6.69467,6.69517,0
2022-07-05,84707750,"IDEALPRO","USD.CNH",0,6.69467,6.69519,0
2022-07-05,84714886,"IDEALPRO","USD.CNH",0,6.69468,6.69519,0
2022-07-05,84717876,"IDEALPRO","USD.CNH",0,6.69472,6.69522,0
2022-07-05,84718992,"IDEALPRO","USD.CNH",0,6.69471,6.69519,0
2022-07-05,84719438,"IDEALPRO","USD.CNH",0,6.69471,6.69518,0
2022-07-05,84720776,"IDEALPRO","USD.CNH",0,6.69471,6.69519,0
2022-07-05,84721890,"IDEALPRO","USD.CNH",0,6.69473,6.69523,0
2022-07-05,84722336,"IDEALPRO","USD.CNH",0,6.69473,6.6952,0
2022-07-05,84723451,"IDEALPRO","USD.CNH",0,6.69473,6.6952,0
2022-07-05,84724788,"IDEALPRO","USD.CNH",0,6.69491,6.69541,0
2022-07-05,84725944,"IDEALPRO","USD.CNH",0,6.69477,6.69532,0
2022-07-05,84726613,"IDEALPRO","USD.CNH",0,6.69475,6.69534,0
2022-07-05,84727505,"IDEALPRO","USD.CNH",0,6.69475,6.69531,0
2022-07-05,84730182,"IDEALPRO","USD.CNH",0,6.69475,6.69528,0
2022-07-05,84734419,"IDEALPRO","USD.CNH",0,6.69473,6.69526,0
2022-07-05,84740551,"IDEALPRO","USD.CNH",0,6.69473,6.69528,0
2022-07-05,84744636,"IDEALPRO","USD.CNH",0,6.69487,6.69534,0
2022-07-05,84745346,"IDEALPRO","USD.CNH",0,6.69484,6.69534,0
2022-07-05,84753717,"IDEALPRO","USD.CNH",0,6.6948,6.69531,0
2022-07-05,84756643,"IDEALPRO","USD.CNH",0,6.6948,6.69534,0
2022-07-05,84757981,"IDEALPRO","USD.CNH",0,6.69486,6.69534,0
2022-07-05,84758649,"IDEALPRO","USD.CNH",0,6.69486,6.69536,0
2022-07-05,84801992,"IDEALPRO","USD.CNH",0,6.69486,6.69537,0
2022-07-05,84804811,"IDEALPRO","USD.CNH",0,6.6947,6.69524,0
2022-07-05,84805966,"IDEALPRO","USD.CNH",0,6.69451,6.69508,0
2022-07-05,84806189,"IDEALPRO","USD.CNH",0,6.69458,6.69516,0
2022-07-05,84809990,"IDEALPRO","USD.CNH",0,6.69457,6.69514,0
2022-07-05,84810882,"IDEALPRO","USD.CNH",0,6.69461,6.69517,0
2022-07-05,84812888,"IDEALPRO","USD.CNH",0,6.69456,6.69514,0
2022-07-05,84813334,"IDEALPRO","USD.CNH",0,6.69452,6.69514,0
2022-07-05,84814895,"IDEALPRO","USD.CNH",0,6.69452,6.69512,0
2022-07-05,84815610,"IDEALPRO","USD.CNH",0,6.69452,6.69514,0
2022-07-05,84816723,"IDEALPRO","USD.CNH",0,6.69453,6.69512,0
2022-07-05,84817839,"IDEALPRO","USD.CNH",0,6.69446,6.69509,0
2022-07-05,84818061,"IDEALPRO","USD.CNH",0,6.69446,6.69505,0
2022-07-05,84819845,"IDEALPRO","USD.CNH",0,6.69444,6.69497,0
2022-07-05,84820068,"IDEALPRO","USD.CNH",0,6.69444,6.69496,0
2022-07-05,84821629,"IDEALPRO","USD.CNH",0,6.69468,6.69495,0
2022-07-05,84822988,"IDEALPRO","USD.CNH",0,6.69426,6.69482,0
2022-07-05,84823880,"IDEALPRO","USD.CNH",0,6.69446,6.69479,0
2022-07-05,84824773,"IDEALPRO","USD.CNH",0,6.69415,6.69465,0
2022-07-05,84825705,"IDEALPRO","USD.CNH",0,6.69434,6.69469,0
2022-07-05,84826373,"IDEALPRO","USD.CNH",0,6.69434,6.69468,0
2022-07-05,84827935,"IDEALPRO","USD.CNH",0,6.69434,6.69464,0
2022-07-05,84828827,"IDEALPRO","USD.CNH",0,6.69411,6.69455,0
2022-07-05,84829049,"IDEALPRO","USD.CNH",0,6.69411,6.69453,0
2022-07-05,84830834,"IDEALPRO","USD.CNH",0,6.69436,6.6947,0
2022-07-05,84832838,"IDEALPRO","USD.CNH",0,6.69443,6.69489,0
2022-07-05,84833507,"IDEALPRO","USD.CNH",0,6.69443,6.6949,0
2022-07-05,84835994,"IDEALPRO","USD.CNH",0,6.69446,6.69483,0
2022-07-05,84836663,"IDEALPRO","USD.CNH",0,6.69432,6.69464,0
2022-07-05,84838444,"IDEALPRO","USD.CNH",0,6.69432,6.69468,0
2022-07-05,84839111,"IDEALPRO","USD.CNH",0,6.69432,6.69466,0
2022-07-05,84840668,"IDEALPRO","USD.CNH",0,6.69434,6.69466,0
2022-07-05,84843600,"IDEALPRO","USD.CNH",0,6.69434,6.69469,0
2022-07-05,84844936,"IDEALPRO","USD.CNH",0,6.69425,6.69476,0
2022-07-05,84845866,"IDEALPRO","USD.CNH",0,6.69424,6.6948,0
2022-07-05,84846979,"IDEALPRO","USD.CNH",0,6.69417,6.6947,0
2022-07-05,84847870,"IDEALPRO","USD.CNH",0,6.69445,6.69494,0
2022-07-05,84850542,"IDEALPRO","USD.CNH",0,6.69449,6.69494,0
2022-07-05,84851878,"IDEALPRO","USD.CNH",0,6.69446,6.69497,0
2022-07-05,84852769,"IDEALPRO","USD.CNH",0,6.6945,6.6949,0
2022-07-05,84853882,"IDEALPRO","USD.CNH",0,6.6945,6.69498,0
2022-07-05,84854995,"IDEALPRO","USD.CNH",0,6.69437,6.695,0
2022-07-05,84855479,"IDEALPRO","USD.CNH",0,6.69431,6.69484,0
2022-07-05,84856814,"IDEALPRO","USD.CNH",0,6.69437,6.69487,0
2022-07-05,84857705,"IDEALPRO","USD.CNH",0,6.69446,6.69488,0
2022-07-05,84900821,"IDEALPRO","USD.CNH",0,6.69446,6.69485,0
2022-07-05,84902825,"IDEALPRO","USD.CNH",0,6.69427,6.6948,0
2022-07-05,84903939,"IDEALPRO","USD.CNH",0,6.69427,6.69483,0
2022-07-05,84904607,"IDEALPRO","USD.CNH",0,6.69438,6.69486,0
2022-07-05,84905034,"IDEALPRO","USD.CNH",0,6.69438,6.69487,0
2022-07-05,84907968,"IDEALPRO","USD.CNH",0,6.69442,6.69489,0
2022-07-05,84908858,"IDEALPRO","USD.CNH",0,6.69442,6.69487,0
2022-07-05,84912866,"IDEALPRO","USD.CNH",0,6.69445,6.6949,0
2022-07-05,84913533,"IDEALPRO","USD.CNH",0,6.69445,6.69486,0
2022-07-05,84916707,"IDEALPRO","USD.CNH",0,6.69445,6.69487,0
2022-07-05,84917596,"IDEALPRO","USD.CNH",0,6.69445,6.6949,0
2022-07-05,84918042,"IDEALPRO","USD.CNH",0,6.69445,6.69494,0
2022-07-05,84919600,"IDEALPRO","USD.CNH",0,6.69463,6.69509,0
2022-07-05,84920937,"IDEALPRO","USD.CNH",0,6.6946,6.69505,0
2022-07-05,84921827,"IDEALPRO","USD.CNH",0,6.6946,6.69505,0
2022-07-05,84922050,"IDEALPRO","USD.CNH",0,6.69458,6.69497,0
2022-07-05,84924942,"IDEALPRO","USD.CNH",0,6.69459,6.69493,0
2022-07-05,84928989,"IDEALPRO","USD.CNH",0,6.6946,6.69497,0
2022-07-05,84940824,"IDEALPRO","USD.CNH",0,6.6946,6.695,0
2022-07-05,84941269,"IDEALPRO","USD.CNH",0,6.69471,6.69521,0
2022-07-05,84942828,"IDEALPRO","USD.CNH",0,6.69462,6.6952,0
2022-07-05,84943718,"IDEALPRO","USD.CNH",0,6.69473,6.69516,0
2022-07-05,84944387,"IDEALPRO","USD.CNH",0,6.69472,6.69516,0
2022-07-05,84945761,"IDEALPRO","USD.CNH",0,6.69472,6.69513,0
2022-07-05,84947765,"IDEALPRO","USD.CNH",0,6.69472,6.69509,0
2022-07-05,84948877,"IDEALPRO","USD.CNH",0,6.69455,6.69509,0
2022-07-05,84949768,"IDEALPRO","USD.CNH",0,6.69455,6.69507,0
2022-07-05,84951771,"IDEALPRO","USD.CNH",0,6.69455,6.6951,0
2022-07-05,84952662,"IDEALPRO","USD.CNH",0,6.69453,6.6951,0
2022-07-05,84953330,"IDEALPRO","USD.CNH",0,6.69453,6.69507,0
2022-07-05,84956694,"IDEALPRO","USD.CNH",0,6.69454,6.69504,0
2022-07-05,84958474,"IDEALPRO","USD.CNH",0,6.69454,6.695,0
2022-07-05,84959364,"IDEALPRO","USD.CNH",0,6.69451,6.695,0
2022-07-05,85003593,"IDEALPRO","USD.CNH",0,6.69451,6.69498,0
2022-07-05,85004811,"IDEALPRO","USD.CNH",0,6.69424,6.6947,0
2022-07-05,85005518,"IDEALPRO","USD.CNH",0,6.6943,6.69469,0
2022-07-05,85006631,"IDEALPRO","USD.CNH",0,6.6943,6.69467,0
2022-07-05,85009883,"IDEALPRO","USD.CNH",0,6.69452,6.69495,0
2022-07-05,85010774,"IDEALPRO","USD.CNH",0,6.69452,6.69497,0
2022-07-05,85011219,"IDEALPRO","USD.CNH",0,6.69452,6.69494,0
2022-07-05,85012332,"IDEALPRO","USD.CNH",0,6.69452,6.69497,0
2022-07-05,85013667,"IDEALPRO","USD.CNH",0,6.69452,6.69493,0
2022-07-05,85019588,"IDEALPRO","USD.CNH",0,6.69452,6.69488,0
2022-07-05,85022258,"IDEALPRO","USD.CNH",0,6.69452,6.69493,0
2022-07-05,85026528,"IDEALPRO","USD.CNH",0,6.69452,6.69496,0
2022-07-05,85030996,"IDEALPRO","USD.CNH",0,6.6945,6.69496,0
2022-07-05,85031663,"IDEALPRO","USD.CNH",0,6.6945,6.6949,0
2022-07-05,85032109,"IDEALPRO","USD.CNH",0,6.6945,6.69487,0
2022-07-05,85034780,"IDEALPRO","USD.CNH",0,6.69453,6.69501,0
2022-07-05,85035709,"IDEALPRO","USD.CNH",0,6.69453,6.69501,0
2022-07-05,85041303,"IDEALPRO","USD.CNH",0,6.69453,6.69505,0
2022-07-05,85052370,"IDEALPRO","USD.CNH",0,6.69453,6.695,0
2022-07-05,85056860,"IDEALPRO","USD.CNH",0,6.6945,6.69496,0
2022-07-05,85057528,"IDEALPRO","USD.CNH",0,6.6945,6.69487,0
2022-07-05,85058195,"IDEALPRO","USD.CNH",0,6.69451,6.69487,0
2022-07-05,85101091,"IDEALPRO","USD.CNH",0,6.69451,6.69484,0
2022-07-05,85105964,"IDEALPRO","USD.CNH",0,6.69452,6.69481,0
2022-07-05,85107303,"IDEALPRO","USD.CNH",0,6.6944,6.69478,0
2022-07-05,85108640,"IDEALPRO","USD.CNH",0,6.69447,6.69488,0
2022-07-05,85109084,"IDEALPRO","USD.CNH",0,6.69447,6.6949,0
2022-07-05,85110422,"IDEALPRO","USD.CNH",0,6.69447,6.69486,0
2022-07-05,85114438,"IDEALPRO","USD.CNH",0,6.69447,6.69483,0
2022-07-05,85117377,"IDEALPRO","USD.CNH",0,6.69447,6.69485,0
2022-07-05,85119162,"IDEALPRO","USD.CNH",0,6.69447,6.69491,0
2022-07-05,85120054,"IDEALPRO","USD.CNH",0,6.69447,6.69493,0
2022-07-05,85121838,"IDEALPRO","USD.CNH",0,6.69458,6.69507,0
2022-07-05,85122284,"IDEALPRO","USD.CNH",0,6.69458,6.69506,0
2022-07-05,85124562,"IDEALPRO","USD.CNH",0,6.69458,6.69502,0
2022-07-05,85125717,"IDEALPRO","USD.CNH",0,6.69462,6.69502,0
2022-07-05,85131857,"IDEALPRO","USD.CNH",0,6.69482,6.69524,0
2022-07-05,85132972,"IDEALPRO","USD.CNH",0,6.69503,6.69538,0
2022-07-05,85133641,"IDEALPRO","USD.CNH",0,6.69504,6.6954,0
2022-07-05,85134756,"IDEALPRO","USD.CNH",0,6.69504,6.69536,0
2022-07-05,85135202,"IDEALPRO","USD.CNH",0,6.69507,6.6954,0
2022-07-05,85137916,"IDEALPRO","USD.CNH",0,6.69497,6.69536,0
2022-07-05,85141928,"IDEALPRO","USD.CNH",0,6.69501,6.69539,0
2022-07-05,85142819,"IDEALPRO","USD.CNH",0,6.69505,6.6954,0
2022-07-05,85144432,"IDEALPRO","USD.CNH",0,6.69503,6.6954,0
2022-07-05,85145810,"IDEALPRO","USD.CNH",0,6.69479,6.69525,0
2022-07-05,85146924,"IDEALPRO","USD.CNH",0,6.69494,6.69536,0
2022-07-05,85147816,"IDEALPRO","USD.CNH",0,6.69494,6.69536,0
2022-07-05,85150923,"IDEALPRO","USD.CNH",0,6.69494,6.6953,0
2022-07-05,85159655,"IDEALPRO","USD.CNH",0,6.69494,6.69534,0
2022-07-05,85202777,"IDEALPRO","USD.CNH",0,6.69482,6.69524,0
2022-07-05,85203890,"IDEALPRO","USD.CNH",0,6.69492,6.69525,0
2022-07-05,85205976,"IDEALPRO","USD.CNH",0,6.69492,6.69523,0
2022-07-05,85206646,"IDEALPRO","USD.CNH",0,6.69492,6.69528,0
2022-07-05,85207983,"IDEALPRO","USD.CNH",0,6.69492,6.69525,0
2022-07-05,85209989,"IDEALPRO","USD.CNH",0,6.69499,6.69535,0
2022-07-05,85210881,"IDEALPRO","USD.CNH",0,6.6949,6.69532,0
2022-07-05,85212665,"IDEALPRO","USD.CNH",0,6.6949,6.69531,0
2022-07-05,85216941,"IDEALPRO","USD.CNH",0,6.69497,6.6954,0
2022-07-05,85219575,"IDEALPRO","USD.CNH",0,6.69499,6.6954,0
2022-07-05,85225056,"IDEALPRO","USD.CNH",0,6.69499,6.69541,0
2022-07-05,85230225,"IDEALPRO","USD.CNH",0,6.69498,6.69541,0
2022-07-05,85231409,"IDEALPRO","USD.CNH",0,6.69498,6.69538,0
2022-07-05,85232971,"IDEALPRO","USD.CNH",0,6.69498,6.69537,0
2022-07-05,85243745,"IDEALPRO","USD.CNH",0,6.69491,6.69532,0
2022-07-05,85244861,"IDEALPRO","USD.CNH",0,6.69494,6.69536,0
2022-07-05,85245347,"IDEALPRO","USD.CNH",0,6.69494,6.69539,0
2022-07-05,85246413,"IDEALPRO","USD.CNH",0,6.69494,6.69535,0
2022-07-05,85251527,"IDEALPRO","USD.CNH",0,6.69494,6.6954,0
2022-07-05,85256248,"IDEALPRO","USD.CNH",0,6.69494,6.69535,0
2022-07-05,85257364,"IDEALPRO","USD.CNH",0,6.69494,6.69533,0
2022-07-05,85258255,"IDEALPRO","USD.CNH",0,6.69491,6.69533,0
2022-07-05,85301154,"IDEALPRO","USD.CNH",0,6.69494,6.6954,0
2022-07-05,85306412,"IDEALPRO","USD.CNH",0,6.69496,6.69541,0
2022-07-05,85307082,"IDEALPRO","USD.CNH",0,6.69496,6.69539,0
2022-07-05,85310651,"IDEALPRO","USD.CNH",0,6.69494,6.69536,0
2022-07-05,85314443,"IDEALPRO","USD.CNH",0,6.69494,6.69532,0
2022-07-05,85315820,"IDEALPRO","USD.CNH",0,6.69495,6.69541,0
2022-07-05,85316935,"IDEALPRO","USD.CNH",0,6.69495,6.69542,0
2022-07-05,85317382,"IDEALPRO","USD.CNH",0,6.69495,6.69543,0
2022-07-05,85318628,"IDEALPRO","USD.CNH",0,6.69495,6.69545,0
2022-07-05,85320635,"IDEALPRO","USD.CNH",0,6.69495,6.69539,0
2022-07-05,85321304,"IDEALPRO","USD.CNH",0,6.69495,6.69541,0
2022-07-05,85322640,"IDEALPRO","USD.CNH",0,6.69495,6.69543,0
2022-07-05,85323310,"IDEALPRO","USD.CNH",0,6.69494,6.69543,0
2022-07-05,85324202,"IDEALPRO","USD.CNH",0,6.69496,6.69543,0
2022-07-05,85330945,"IDEALPRO","USD.CNH",0,6.69496,6.69542,0
2022-07-05,85331614,"IDEALPRO","USD.CNH",0,6.69496,6.69539,0
2022-07-05,85332729,"IDEALPRO","USD.CNH",0,6.69477,6.69526,0
2022-07-05,85333175,"IDEALPRO","USD.CNH",0,6.69477,6.69521,0
2022-07-05,85335671,"IDEALPRO","USD.CNH",0,6.69502,6.69547,0
2022-07-05,85336565,"IDEALPRO","USD.CNH",0,6.69502,6.69546,0
2022-07-05,85337233,"IDEALPRO","USD.CNH",0,6.69502,6.69545,0
2022-07-05,85339908,"IDEALPRO","USD.CNH",0,6.69502,6.6955,0
2022-07-05,85341692,"IDEALPRO","USD.CNH",0,6.69502,6.6955,0
2022-07-05,85342362,"IDEALPRO","USD.CNH",0,6.69502,6.6955,0
2022-07-05,85345524,"IDEALPRO","USD.CNH",0,6.69502,6.6955,0
2022-07-05,85346639,"IDEALPRO","USD.CNH",0,6.69503,6.6955,0
2022-07-05,85347977,"IDEALPRO","USD.CNH",0,6.69503,6.6955,0
2022-07-05,85348646,"IDEALPRO","USD.CNH",0,6.69504,6.69558,0
2022-07-05,85349760,"IDEALPRO","USD.CNH",0,6.69504,6.6955,0
2022-07-05,85351990,"IDEALPRO","USD.CNH",0,6.69504,6.6955,0
2022-07-05,85352659,"IDEALPRO","USD.CNH",0,6.69503,6.6955,0
2022-07-05,85356271,"IDEALPRO","USD.CNH",0,6.69503,6.69554,0
2022-07-05,85357389,"IDEALPRO","USD.CNH",0,6.69503,6.6956,0
2022-07-05,85358058,"IDEALPRO","USD.CNH",0,6.69503,6.69554,0
2022-07-05,85400963,"IDEALPRO","USD.CNH",0,6.69541,6.69572,0
2022-07-05,85401632,"IDEALPRO","USD.CNH",0,6.69548,6.6959,0
2022-07-05,85404802,"IDEALPRO","USD.CNH",0,6.69549,6.69585,0
2022-07-05,85405751,"IDEALPRO","USD.CNH",0,6.69528,6.69569,0
2022-07-05,85407760,"IDEALPRO","USD.CNH",0,6.6954,6.69579,0
2022-07-05,85408208,"IDEALPRO","USD.CNH",0,6.6954,6.6958,0
2022-07-05,85410663,"IDEALPRO","USD.CNH",0,6.69542,6.69581,0
2022-07-05,85411779,"IDEALPRO","USD.CNH",0,6.69548,6.69584,0
2022-07-05,85412449,"IDEALPRO","USD.CNH",0,6.69556,6.69591,0
2022-07-05,85414907,"IDEALPRO","USD.CNH",0,6.69549,6.69591,0
2022-07-05,85421876,"IDEALPRO","USD.CNH",0,6.69549,6.69593,0
2022-07-05,85422546,"IDEALPRO","USD.CNH",0,6.69555,6.69593,0
2022-07-05,85424109,"IDEALPRO","USD.CNH",0,6.6955,6.69593,0
2022-07-05,85425464,"IDEALPRO","USD.CNH",0,6.6955,6.69591,0
2022-07-05,85427069,"IDEALPRO","USD.CNH",0,6.69555,6.69591,0
2022-07-05,85428632,"IDEALPRO","USD.CNH",0,6.69555,6.69593,0
2022-07-05,85429079,"IDEALPRO","USD.CNH",0,6.69555,6.69591,0
2022-07-05,85436937,"IDEALPRO","USD.CNH",0,6.69555,6.69605,0
2022-07-05,85437161,"IDEALPRO","USD.CNH",0,6.69555,6.69596,0
2022-07-05,85439843,"IDEALPRO","USD.CNH",0,6.69556,6.69593,0
2022-07-05,85440289,"IDEALPRO","USD.CNH",0,6.69556,6.6959,0
2022-07-05,85441182,"IDEALPRO","USD.CNH",0,6.69552,6.6959,0
2022-07-05,85442745,"IDEALPRO","USD.CNH",0,6.69552,6.69589,0
2022-07-05,85443639,"IDEALPRO","USD.CNH",0,6.69531,6.69577,0
2022-07-05,85444084,"IDEALPRO","USD.CNH",0,6.69531,6.69571,0
2022-07-05,85446806,"IDEALPRO","USD.CNH",0,6.6953,6.69571,0
2022-07-05,85447699,"IDEALPRO","USD.CNH",0,6.69517,6.69561,0
2022-07-05,85449709,"IDEALPRO","USD.CNH",0,6.69533,6.69567,0
2022-07-05,85450381,"IDEALPRO","USD.CNH",0,6.69527,6.69568,0
2022-07-05,85452838,"IDEALPRO","USD.CNH",0,6.69527,6.69564,0
2022-07-05,85453285,"IDEALPRO","USD.CNH",0,6.69527,6.69566,0
2022-07-05,85455780,"IDEALPRO","USD.CNH",0,6.69523,6.69566,0
2022-07-05,85500920,"IDEALPRO","USD.CNH",0,6.69488,6.69534,0
2022-07-05,85502706,"IDEALPRO","USD.CNH",0,6.69501,6.69538,0
2022-07-05,85503599,"IDEALPRO","USD.CNH",0,6.69492,6.69541,0
2022-07-05,85504717,"IDEALPRO","USD.CNH",0,6.69496,6.69541,0
2022-07-05,85505746,"IDEALPRO","USD.CNH",0,6.69492,6.69541,0
2022-07-05,85506640,"IDEALPRO","USD.CNH",0,6.69485,6.69539,0
2022-07-05,85508885,"IDEALPRO","USD.CNH",0,6.69504,6.69552,0
2022-07-05,85509778,"IDEALPRO","USD.CNH",0,6.69511,6.69564,0
2022-07-05,85510224,"IDEALPRO","USD.CNH",0,6.69511,6.69564,0
2022-07-05,85512684,"IDEALPRO","USD.CNH",0,6.69509,6.69561,0
2022-07-05,85514918,"IDEALPRO","USD.CNH",0,6.69529,6.69566,0
2022-07-05,85515628,"IDEALPRO","USD.CNH",0,6.69529,6.69575,0
2022-07-05,85516968,"IDEALPRO","USD.CNH",0,6.69529,6.69575,0
2022-07-05,85517416,"IDEALPRO","USD.CNH",0,6.69529,6.69568,0
2022-07-05,85519649,"IDEALPRO","USD.CNH",0,6.69524,6.69572,0
2022-07-05,85520096,"IDEALPRO","USD.CNH",0,6.69524,6.69575,0
2022-07-05,85523671,"IDEALPRO","USD.CNH",0,6.69524,6.69571,0
2022-07-05,85524788,"IDEALPRO","USD.CNH",0,6.69547,6.69592,0
2022-07-05,85525236,"IDEALPRO","USD.CNH",0,6.69547,6.6959,0
2022-07-05,85526616,"IDEALPRO","USD.CNH",0,6.69543,6.6959,0
2022-07-05,85539802,"IDEALPRO","USD.CNH",0,6.69551,6.69595,0
2022-07-05,85540918,"IDEALPRO","USD.CNH",0,6.69551,6.69595,0
2022-07-05,85543809,"IDEALPRO","USD.CNH",0,6.69537,6.69595,0
2022-07-05,85544478,"IDEALPRO","USD.CNH",0,6.6954,6.69592,0
2022-07-05,85545633,"IDEALPRO","USD.CNH",0,6.6954,6.69589,0
2022-07-05,85546080,"IDEALPRO","USD.CNH",0,6.6954,6.69589,0
2022-07-05,85547867,"IDEALPRO","USD.CNH",0,6.6954,6.69589,0
2022-07-05,85550549,"IDEALPRO","USD.CNH",0,6.6954,6.69592,0
2022-07-05,85551666,"IDEALPRO","USD.CNH",0,6.6954,6.69592,0
2022-07-05,85552336,"IDEALPRO","USD.CNH",0,6.6954,6.69577,0
2022-07-05,85553455,"IDEALPRO","USD.CNH",0,6.6954,6.69577,0
2022-07-05,85556621,"IDEALPRO","USD.CNH",0,6.69546,6.69576,0
2022-07-05,85557515,"IDEALPRO","USD.CNH",0,6.69546,6.69592,0
2022-07-05,85559750,"IDEALPRO","USD.CNH",0,6.69547,6.69604,0
2022-07-05,85602914,"IDEALPRO","USD.CNH",0,6.69552,6.69607,0
2022-07-05,85605970,"IDEALPRO","USD.CNH",0,6.69557,6.69604,0
2022-07-05,85606193,"IDEALPRO","USD.CNH",0,6.69549,6.69603,0
2022-07-05,85607981,"IDEALPRO","USD.CNH",0,6.69551,6.69601,0
2022-07-05,85608203,"IDEALPRO","USD.CNH",0,6.69551,6.69604,0
2022-07-05,85612227,"IDEALPRO","USD.CNH",0,6.69555,6.69604,0
2022-07-05,85618055,"IDEALPRO","USD.CNH",0,6.69552,6.69604,0
2022-07-05,85622812,"IDEALPRO","USD.CNH",0,6.69559,6.69604,0
2022-07-05,85623930,"IDEALPRO","USD.CNH",0,6.69559,6.69611,0
2022-07-05,85625795,"IDEALPRO","USD.CNH",0,6.6956,6.69611,0
2022-07-05,85629386,"IDEALPRO","USD.CNH",0,6.69559,6.69602,0
2022-07-05,85630504,"IDEALPRO","USD.CNH",0,6.69559,6.69603,0
2022-07-05,85634938,"IDEALPRO","USD.CNH",0,6.69564,6.69603,0
2022-07-05,85636988,"IDEALPRO","USD.CNH",0,6.69559,6.69602,0
2022-07-05,85637212,"IDEALPRO","USD.CNH",0,6.69552,6.69602,0
2022-07-05,85639815,"IDEALPRO","USD.CNH",0,6.6954,6.69587,0
2022-07-05,85640038,"IDEALPRO","USD.CNH",0,6.69534,6.69581,0
2022-07-05,85643777,"IDEALPRO","USD.CNH",0,6.69529,6.69577,0
2022-07-05,85645466,"IDEALPRO","USD.CNH",0,6.69529,6.69572,0
2022-07-05,85646905,"IDEALPRO","USD.CNH",0,6.69517,6.69567,0
2022-07-05,85648040,"IDEALPRO","USD.CNH",0,6.6952,6.69569,0
2022-07-05,85649666,"IDEALPRO","USD.CNH",0,6.69499,6.69546,0
2022-07-05,85650783,"IDEALPRO","USD.CNH",0,6.69493,6.6954,0
2022-07-05,85651897,"IDEALPRO","USD.CNH",0,6.69499,6.69545,0
2022-07-05,85655542,"IDEALPRO","USD.CNH",0,6.69501,6.69545,0
2022-07-05,85658442,"IDEALPRO","USD.CNH",0,6.69501,6.69547,0
2022-07-05,85700904,"IDEALPRO","USD.CNH",0,6.69501,6.69543,0
2022-07-05,85701351,"IDEALPRO","USD.CNH",0,6.69493,6.69541,0
2022-07-05,85702467,"IDEALPRO","USD.CNH",0,6.69493,6.69541,0
2022-07-05,85703585,"IDEALPRO","USD.CNH",0,6.69493,6.69541,0
2022-07-05,85704254,"IDEALPRO","USD.CNH",0,6.69495,6.69542,0
2022-07-05,85706866,"IDEALPRO","USD.CNH",0,6.69497,6.69543,0
2022-07-05,85708876,"IDEALPRO","USD.CNH",0,6.69495,6.69543,0
2022-07-05,85709993,"IDEALPRO","USD.CNH",0,6.69494,6.69542,0
2022-07-05,85712675,"IDEALPRO","USD.CNH",0,6.69495,6.69543,0
2022-07-05,85715593,"IDEALPRO","USD.CNH",0,6.69495,6.69543,0
2022-07-05,85718790,"IDEALPRO","USD.CNH",0,6.69495,6.69543,0
2022-07-05,85720802,"IDEALPRO","USD.CNH",0,6.69503,6.69545,0
2022-07-05,85721471,"IDEALPRO","USD.CNH",0,6.6951,6.69555,0
2022-07-05,85725308,"IDEALPRO","USD.CNH",0,6.6951,6.69552,0
2022-07-05,85726930,"IDEALPRO","USD.CNH",0,6.69509,6.69553,0
2022-07-05,85729610,"IDEALPRO","USD.CNH",0,6.69509,6.69553,0
2022-07-05,85730793,"IDEALPRO","USD.CNH",0,6.69501,6.6955,0
2022-07-05,85731464,"IDEALPRO","USD.CNH",0,6.69508,6.69553,0
2022-07-05,85735554,"IDEALPRO","USD.CNH",0,6.69508,6.69554,0
2022-07-05,85737882,"IDEALPRO","USD.CNH",0,6.69508,6.69553,0
2022-07-05,85741844,"IDEALPRO","USD.CNH",0,6.69504,6.69552,0
2022-07-05,85743183,"IDEALPRO","USD.CNH",0,6.69501,6.69551,0
2022-07-05,85744969,"IDEALPRO","USD.CNH",0,6.69506,6.69553,0
2022-07-05,85746572,"IDEALPRO","USD.CNH",0,6.6951,6.69561,0
2022-07-05,85748805,"IDEALPRO","USD.CNH",0,6.6951,6.69561,0
2022-07-05,85750593,"IDEALPRO","USD.CNH",0,6.6951,6.69555,0
2022-07-05,85751262,"IDEALPRO","USD.CNH",0,6.6951,6.69554,0
2022-07-05,85752825,"IDEALPRO","USD.CNH",0,6.6951,6.69554,0
2022-07-05,85755844,"IDEALPRO","USD.CNH",0,6.69506,6.69549,0
2022-07-05,85756291,"IDEALPRO","USD.CNH",0,6.69506,6.69554,0
2022-07-05,85757647,"IDEALPRO","USD.CNH",0,6.69506,6.69554,0
2022-07-05,85804814,"IDEALPRO","USD.CNH",0,6.69503,6.69552,0
2022-07-05,85808078,"IDEALPRO","USD.CNH",0,6.69506,6.69554,0
2022-07-05,85809866,"IDEALPRO","USD.CNH",0,6.69522,6.69566,0
2022-07-05,85810758,"IDEALPRO","USD.CNH",0,6.69517,6.69569,0
2022-07-05,85811205,"IDEALPRO","USD.CNH",0,6.69517,6.69567,0
2022-07-05,85813564,"IDEALPRO","USD.CNH",0,6.69529,6.69571,0
2022-07-05,85816730,"IDEALPRO","USD.CNH",0,6.69533,6.69571,0
2022-07-05,85818964,"IDEALPRO","USD.CNH",0,6.69531,6.69576,0
2022-07-05,85822316,"IDEALPRO","USD.CNH",0,6.69531,6.69578,0
2022-07-05,85826705,"IDEALPRO","USD.CNH",0,6.69531,6.69578,0
2022-07-05,85833275,"IDEALPRO","USD.CNH",0,6.69531,6.69578,0
2022-07-05,85835324,"IDEALPRO","USD.CNH",0,6.69531,6.69578,0
2022-07-05,85836257,"IDEALPRO","USD.CNH",0,6.69533,6.69582,0
2022-07-05,85840517,"IDEALPRO","USD.CNH",0,6.69534,6.69582,0
2022-07-05,85841920,"IDEALPRO","USD.CNH",0,6.69534,6.6958,0
2022-07-05,85842143,"IDEALPRO","USD.CNH",0,6.69534,6.69579,0
2022-07-05,85846319,"IDEALPRO","USD.CNH",0,6.69529,6.69578,0
2022-07-05,85849668,"IDEALPRO","USD.CNH",0,6.69524,6.69576,0
2022-07-05,85852559,"IDEALPRO","USD.CNH",0,6.6953,6.69577,0
2022-07-05,85857612,"IDEALPRO","USD.CNH",0,6.69532,6.69578,0
2022-07-05,85901741,"IDEALPRO","USD.CNH",0,6.69528,6.69578,0
2022-07-05,85905970,"IDEALPRO","USD.CNH",0,6.69528,6.69576,0
2022-07-05,85906863,"IDEALPRO","USD.CNH",0,6.69528,6.69578,0
2022-07-05,85911227,"IDEALPRO","USD.CNH",0,6.69528,6.69576,0
2022-07-05,85915037,"IDEALPRO","USD.CNH",0,6.69528,6.69578,0
2022-07-05,85924939,"IDEALPRO","USD.CNH",0,6.69549,6.69598,0
2022-07-05,85925662,"IDEALPRO","USD.CNH",0,6.69539,6.69589,0
2022-07-05,85926775,"IDEALPRO","USD.CNH",0,6.69539,6.69588,0
2022-07-05,85927443,"IDEALPRO","USD.CNH",0,6.69539,6.69589,0
2022-07-05,85930558,"IDEALPRO","USD.CNH",0,6.69539,6.69588,0
2022-07-05,85931799,"IDEALPRO","USD.CNH",0,6.69541,6.69589,0
2022-07-05,85932946,"IDEALPRO","USD.CNH",0,6.69541,6.6959,0
2022-07-05,85934705,"IDEALPRO","USD.CNH",0,6.69541,6.69591,0
2022-07-05,85936408,"IDEALPRO","USD.CNH",0,6.69541,6.69588,0
2022-07-05,85937298,"IDEALPRO","USD.CNH",0,6.69541,6.69589,0
2022-07-05,85942609,"IDEALPRO","USD.CNH",0,6.69539,6.69589,0
2022-07-05,85943499,"IDEALPRO","USD.CNH",0,6.69529,6.6958,0
2022-07-05,85950978,"IDEALPRO","USD.CNH",0,6.69529,6.69563,0
2022-07-05,85951867,"IDEALPRO","USD.CNH",0,6.69529,6.6958,0
2022-07-05,85955325,"IDEALPRO","USD.CNH",0,6.69539,6.69588,0
2022-07-05,85956888,"IDEALPRO","USD.CNH",0,6.69538,6.69588,0
2022-07-05,90000448,"IDEALPRO","USD.CNH",0,6.69538,6.69584,0
2022-07-05,90001784,"IDEALPRO","USD.CNH",0,6.6955,6.69596,0
2022-07-05,90002896,"IDEALPRO","USD.CNH",0,6.69557,6.69607,0
