"InternalDate","Time","InternalTime","Exchange","Symbol","LastPrice","BidPrice1","AskPrice1"
2022-07-07,83006000,30606000,"ICEU","B2209",100.22,100.24,100.27
2022-07-07,83010000,30610000,"ICEU","B2209",100.22,100.24,100.27
2022-07-07,83011000,30611000,"ICEU","B2209",100.22,100.24,100.27
2022-07-07,83012000,30612000,"ICEU","B2209",100.22,100.25,100.28
2022-07-07,83014000,30614000,"ICEU","B2209",100.22,100.29,100.31
2022-07-07,83015000,30615000,"ICEU","B2209",100.22,100.29,100.31
2022-07-07,83016000,30616000,"ICEU","B2209",100.29,100.26,100.29
2022-07-07,83024000,30624000,"ICEU","B2209",100.29,100.26,100.29
2022-07-07,83025000,30625000,"ICEU","B2209",100.29,100.26,100.29
2022-07-07,83028000,30628000,"ICEU","B2209",100.29,100.27,100.29
2022-07-07,83029000,30629000,"ICEU","B2209",100.3,100.33,100.37
2022-07-07,83030000,30630000,"ICEU","B2209",100.33,100.31,100.33
2022-07-07,83031000,30631000,"ICEU","B2209",100.33,100.31,100.33
2022-07-07,83041000,30641000,"ICEU","B2209",100.33,100.32,100.34
2022-07-07,83042000,30642000,"ICEU","B2209",100.33,100.32,100.34
2022-07-07,83045000,30645000,"ICEU","B2209",100.33,100.33,100.35
2022-07-07,83047000,30647000,"ICEU","B2209",100.33,100.32,100.34
2022-07-07,83051000,30651000,"ICEU","B2209",100.33,100.32,100.34
2022-07-07,83052000,30652000,"ICEU","B2209",100.33,100.31,100.34
2022-07-07,83054000,30654000,"ICEU","B2209",100.33,100.31,100.34
2022-07-07,83055000,30655000,"ICEU","B2209",100.34,100.34,100.37
2022-07-07,83056000,30656000,"ICEU","B2209",100.34,100.34,100.37
2022-07-07,83059000,30659000,"ICEU","B2209",100.34,100.32,100.35
2022-07-07,83101000,30661000,"ICEU","B2209",100.32,100.3,100.33
2022-07-07,83102000,30662000,"ICEU","B2209",100.32,100.3,100.32
2022-07-07,83105000,30665000,"ICEU","B2209",100.32,100.3,100.32
2022-07-07,83107000,30667000,"ICEU","B2209",100.32,100.32,100.35
2022-07-07,83111000,30671000,"ICEU","B2209",100.32,100.32,100.35
2022-07-07,83112000,30672000,"ICEU","B2209",100.32,100.32,100.34
2022-07-07,83114000,30674000,"ICEU","B2209",100.32,100.32,100.34
2022-07-07,83118000,30678000,"ICEU","B2209",100.32,100.32,100.34
2022-07-07,83119000,30679000,"ICEU","B2209",100.32,100.32,100.34
2022-07-07,83124000,30684000,"ICEU","B2209",100.32,100.28,100.31
2022-07-07,83125000,30685000,"ICEU","B2209",100.32,100.27,100.3
2022-07-07,83126000,30686000,"ICEU","B2209",100.32,100.27,100.3
2022-07-07,83127000,30687000,"ICEU","B2209",100.32,100.27,100.29
2022-07-07,83128000,30688000,"ICEU","B2209",100.32,100.27,100.29
2022-07-07,83131000,30691000,"ICEU","B2209",100.32,100.25,100.28
2022-07-07,83132000,30692000,"ICEU","B2209",100.32,100.26,100.29
2022-07-07,83137000,30697000,"ICEU","B2209",100.32,100.26,100.29
2022-07-07,83147000,30707000,"ICEU","B2209",100.32,100.26,100.28
2022-07-07,83157000,30717000,"ICEU","B2209",100.32,100.27,100.29
2022-07-07,83200000,30720000,"ICEU","B2209",100.27,100.26,100.29
2022-07-07,83201000,30721000,"ICEU","B2209",100.27,100.26,100.29
2022-07-07,83202000,30722000,"ICEU","B2209",100.27,100.26,100.29
2022-07-07,83206000,30726000,"ICEU","B2209",100.27,100.25,100.27
2022-07-07,83208000,30728000,"ICEU","B2209",100.27,100.25,100.27
2022-07-07,83210000,30730000,"ICEU","B2209",100.27,100.25,100.27
2022-07-07,83218000,30738000,"ICEU","B2209",100.27,100.25,100.27
2022-07-07,83223000,30743000,"ICEU","B2209",100.27,100.25,100.27
2022-07-07,83229000,30749000,"ICEU","B2209",100.27,100.25,100.27
2022-07-07,83232000,30752000,"ICEU","B2209",100.27,100.25,100.27
2022-07-07,83233000,30753000,"ICEU","B2209",100.27,100.25,100.27
2022-07-07,83247000,30767000,"ICEU","B2209",100.27,100.26,100.28
2022-07-07,83248000,30768000,"ICEU","B2209",100.27,100.26,100.28
2022-07-07,83300000,30780000,"ICEU","B2209",100.26,100.27,100.3
2022-07-07,83302000,30782000,"ICEU","B2209",100.26,100.23,100.26
2022-07-07,83303000,30783000,"ICEU","B2209",100.26,100.17,100.21
2022-07-07,83304000,30784000,"ICEU","B2209",100.26,100.18,100.21
2022-07-07,83308000,30788000,"ICEU","B2209",100.26,100.18,100.21
2022-07-07,83309000,30789000,"ICEU","B2209",100.26,100.18,100.21
2022-07-07,83310000,30790000,"ICEU","B2209",100.26,100.18,100.21
2022-07-07,83312000,30792000,"ICEU","B2209",100.26,100.18,100.2
2022-07-07,83313000,30793000,"ICEU","B2209",100.26,100.19,100.2
2022-07-07,83314000,30794000,"ICEU","B2209",100.22,100.22,100.25
2022-07-07,83315000,30795000,"ICEU","B2209",100.2,100.19,100.22
2022-07-07,83316000,30796000,"ICEU","B2209",100.2,100.19,100.22
2022-07-07,83317000,30797000,"ICEU","B2209",100.2,100.19,100.22
2022-07-07,83319000,30799000,"ICEU","B2209",100.19,100.18,100.21
2022-07-07,83326000,30806000,"ICEU","B2209",100.19,100.2,100.23
2022-07-07,83327000,30807000,"ICEU","B2209",100.19,100.23,100.27
2022-07-07,83328000,30808000,"ICEU","B2209",100.19,100.25,100.29
2022-07-07,83330000,30810000,"ICEU","B2209",100.19,100.25,100.29
2022-07-07,83331000,30811000,"ICEU","B2209",100.19,100.25,100.28
2022-07-07,83337000,30817000,"ICEU","B2209",100.19,100.25,100.28
2022-07-07,83339000,30819000,"ICEU","B2209",100.19,100.26,100.29
2022-07-07,83340000,30820000,"ICEU","B2209",100.19,100.25,100.28
2022-07-07,83347000,30827000,"ICEU","B2209",100.19,100.25,100.28
2022-07-07,83349000,30829000,"ICEU","B2209",100.19,100.25,100.28
2022-07-07,83355000,30835000,"ICEU","B2209",100.28,100.29,100.34
2022-07-07,83356000,30836000,"ICEU","B2209",100.28,100.29,100.32
2022-07-07,83357000,30837000,"ICEU","B2209",100.28,100.29,100.32
2022-07-07,83358000,30838000,"ICEU","B2209",100.29,100.26,100.29
2022-07-07,83359000,30839000,"ICEU","B2209",100.29,100.26,100.29
2022-07-07,83400000,30840000,"ICEU","B2209",100.29,100.19,100.22
2022-07-07,83401000,30841000,"ICEU","B2209",100.29,100.19,100.23
2022-07-07,83402000,30842000,"ICEU","B2209",100.29,100.19,100.22
2022-07-07,83404000,30844000,"ICEU","B2209",100.29,100.19,100.22
2022-07-07,83410000,30850000,"ICEU","B2209",100.29,100.19,100.22
2022-07-07,83413000,30853000,"ICEU","B2209",100.29,100.19,100.22
2022-07-07,83417000,30857000,"ICEU","B2209",100.29,100.17,100.19
2022-07-07,83420000,30860000,"ICEU","B2209",100.29,100.17,100.19
2022-07-07,83421000,30861000,"ICEU","B2209",100.29,100.17,100.19
2022-07-07,83425000,30865000,"ICEU","B2209",100.29,100.17,100.19
2022-07-07,83433000,30873000,"ICEU","B2209",100.29,100.17,100.19
2022-07-07,83435000,30875000,"ICEU","B2209",100.21,100.17,100.2
2022-07-07,83437000,30877000,"ICEU","B2209",100.21,100.17,100.2
2022-07-07,83442000,30882000,"ICEU","B2209",100.21,100.17,100.2
2022-07-07,83443000,30883000,"ICEU","B2209",100.21,100.17,100.2
2022-07-07,83449000,30889000,"ICEU","B2209",100.21,100.18,100.2
2022-07-07,83451000,30891000,"ICEU","B2209",100.21,100.18,100.21
2022-07-07,83456000,30896000,"ICEU","B2209",100.21,100.18,100.21
2022-07-07,83457000,30897000,"ICEU","B2209",100.17,100.15,100.18
2022-07-07,83458000,30898000,"ICEU","B2209",100.17,100.13,100.17
2022-07-07,83500000,30900000,"ICEU","B2209",100.17,100.12,100.15
2022-07-07,83501000,30901000,"ICEU","B2209",100.17,100.15,100.18
2022-07-07,83503000,30903000,"ICEU","B2209",100.17,100.15,100.19
2022-07-07,83504000,30904000,"ICEU","B2209",100.17,100.16,100.19
2022-07-07,83505000,30905000,"ICEU","B2209",100.17,100.16,100.19
2022-07-07,83506000,30906000,"ICEU","B2209",100.17,100.16,100.19
2022-07-07,83509000,30909000,"ICEU","B2209",100.17,100.15,100.18
2022-07-07,83510000,30910000,"ICEU","B2209",100.17,100.19,100.22
2022-07-07,83511000,30911000,"ICEU","B2209",100.17,100.19,100.22
2022-07-07,83512000,30912000,"ICEU","B2209",100.17,100.19,100.22
2022-07-07,83514000,30914000,"ICEU","B2209",100.17,100.19,100.22
2022-07-07,83515000,30915000,"ICEU","B2209",100.17,100.2,100.23
2022-07-07,83516000,30916000,"ICEU","B2209",100.17,100.2,100.22
2022-07-07,83517000,30917000,"ICEU","B2209",100.17,100.2,100.22
2022-07-07,83519000,30919000,"ICEU","B2209",100.17,100.22,100.24
2022-07-07,83520000,30920000,"ICEU","B2209",100.22,100.21,100.23
2022-07-07,83522000,30922000,"ICEU","B2209",100.22,100.21,100.23
2022-07-07,83524000,30924000,"ICEU","B2209",100.22,100.21,100.23
2022-07-07,83526000,30926000,"ICEU","B2209",100.22,100.21,100.23
2022-07-07,83531000,30931000,"ICEU","B2209",100.22,100.21,100.24
2022-07-07,83532000,30932000,"ICEU","B2209",100.22,100.21,100.24
2022-07-07,83539000,30939000,"ICEU","B2209",100.22,100.21,100.24
2022-07-07,83540000,30940000,"ICEU","B2209",100.22,100.18,100.2
2022-07-07,83542000,30942000,"ICEU","B2209",100.19,100.18,100.21
2022-07-07,83544000,30944000,"ICEU","B2209",100.19,100.18,100.21
2022-07-07,83545000,30945000,"ICEU","B2209",100.19,100.18,100.21
2022-07-07,83547000,30947000,"ICEU","B2209",100.19,100.18,100.21
2022-07-07,83550000,30950000,"ICEU","B2209",100.19,100.18,100.21
2022-07-07,83552000,30952000,"ICEU","B2209",100.17,100.15,100.18
2022-07-07,83555000,30955000,"ICEU","B2209",100.17,100.15,100.17
2022-07-07,83558000,30958000,"ICEU","B2209",100.17,100.15,100.17
2022-07-07,83559000,30959000,"ICEU","B2209",100.17,100.15,100.17
2022-07-07,83600000,30960000,"ICEU","B2209",100.17,100.15,100.17
2022-07-07,83601000,30961000,"ICEU","B2209",100.17,100.15,100.17
2022-07-07,83602000,30962000,"ICEU","B2209",100.18,100.15,100.18
2022-07-07,83603000,30963000,"ICEU","B2209",100.18,100.15,100.18
2022-07-07,83604000,30964000,"ICEU","B2209",100.18,100.16,100.18
2022-07-07,83605000,30965000,"ICEU","B2209",100.18,100.16,100.18
2022-07-07,83606000,30966000,"ICEU","B2209",100.18,100.16,100.18
2022-07-07,83607000,30967000,"ICEU","B2209",100.18,100.16,100.18
2022-07-07,83608000,30968000,"ICEU","B2209",100.18,100.16,100.18
2022-07-07,83610000,30970000,"ICEU","B2209",100.18,100.16,100.18
2022-07-07,83611000,30971000,"ICEU","B2209",100.18,100.16,100.18
2022-07-07,83617000,30977000,"ICEU","B2209",100.16,100.15,100.18
2022-07-07,83618000,30978000,"ICEU","B2209",100.16,100.15,100.18
2022-07-07,83620000,30980000,"ICEU","B2209",100.18,100.16,100.18
2022-07-07,83621000,30981000,"ICEU","B2209",100.18,100.16,100.18
2022-07-07,83623000,30983000,"ICEU","B2209",100.18,100.17,100.18
2022-07-07,83624000,30984000,"ICEU","B2209",100.17,100.14,100.18
2022-07-07,83635000,30995000,"ICEU","B2209",100.17,100.14,100.18
2022-07-07,83636000,30996000,"ICEU","B2209",100.17,100.14,100.18
2022-07-07,83640000,31000000,"ICEU","B2209",100.17,100.16,100.18
2022-07-07,83641000,31001000,"ICEU","B2209",100.17,100.15,100.18
2022-07-07,83643000,31003000,"ICEU","B2209",100.17,100.12,100.14
2022-07-07,83645000,31005000,"ICEU","B2209",100.17,100.12,100.14
2022-07-07,83646000,31006000,"ICEU","B2209",100.17,100.11,100.14
2022-07-07,83647000,31007000,"ICEU","B2209",100.17,100.14,100.17
2022-07-07,83654000,31014000,"ICEU","B2209",100.17,100.14,100.17
2022-07-07,83658000,31018000,"ICEU","B2209",100.17,100.13,100.16
2022-07-07,83701000,31021000,"ICEU","B2209",100.17,100.13,100.16
2022-07-07,83702000,31022000,"ICEU","B2209",100.17,100.13,100.16
2022-07-07,83706000,31026000,"ICEU","B2209",100.17,100.13,100.16
2022-07-07,83709000,31029000,"ICEU","B2209",100.17,100.12,100.15
2022-07-07,83710000,31030000,"ICEU","B2209",100.17,100.15,100.17
2022-07-07,83713000,31033000,"ICEU","B2209",100.17,100.14,100.17
2022-07-07,83714000,31034000,"ICEU","B2209",100.17,100.13,100.16
2022-07-07,83716000,31036000,"ICEU","B2209",100.17,100.13,100.15
2022-07-07,83717000,31037000,"ICEU","B2209",100.17,100.13,100.15
2022-07-07,83718000,31038000,"ICEU","B2209",100.17,100.11,100.15
2022-07-07,83719000,31039000,"ICEU","B2209",100.17,100.12,100.15
2022-07-07,83722000,31042000,"ICEU","B2209",100.17,100.13,100.15
2022-07-07,83724000,31044000,"ICEU","B2209",100.11,100.08,100.1
2022-07-07,83725000,31045000,"ICEU","B2209",100.11,100.1,100.13
2022-07-07,83728000,31048000,"ICEU","B2209",100.11,100.1,100.13
2022-07-07,83730000,31050000,"ICEU","B2209",100.11,100.1,100.13
2022-07-07,83731000,31051000,"ICEU","B2209",100.11,100.08,100.1
2022-07-07,83734000,31054000,"ICEU","B2209",100.11,100.08,100.11
2022-07-07,83736000,31056000,"ICEU","B2209",100.11,100.08,100.11
2022-07-07,83738000,31058000,"ICEU","B2209",100.1,100.11,100.14
2022-07-07,83739000,31059000,"ICEU","B2209",100.1,100.12,100.14
2022-07-07,83740000,31060000,"ICEU","B2209",100.1,100.14,100.17
2022-07-07,83741000,31061000,"ICEU","B2209",100.1,100.16,100.18
2022-07-07,83742000,31062000,"ICEU","B2209",100.1,100.16,100.19
2022-07-07,83747000,31067000,"ICEU","B2209",100.1,100.19,100.22
2022-07-07,83751000,31071000,"ICEU","B2209",100.1,100.19,100.22
2022-07-07,83755000,31075000,"ICEU","B2209",100.1,100.19,100.22
2022-07-07,83756000,31076000,"ICEU","B2209",100.15,100.13,100.16
2022-07-07,83757000,31077000,"ICEU","B2209",100.15,100.13,100.16
2022-07-07,83758000,31078000,"ICEU","B2209",100.15,100.13,100.16
2022-07-07,83802000,31082000,"ICEU","B2209",100.15,100.13,100.16
2022-07-07,83804000,31084000,"ICEU","B2209",100.15,100.13,100.16
2022-07-07,83813000,31093000,"ICEU","B2209",100.16,100.15,100.17
2022-07-07,83814000,31094000,"ICEU","B2209",100.16,100.15,100.17
2022-07-07,83817000,31097000,"ICEU","B2209",100.16,100.15,100.17
2022-07-07,83820000,31100000,"ICEU","B2209",100.19,100.17,100.2
2022-07-07,83821000,31101000,"ICEU","B2209",100.19,100.17,100.19
2022-07-07,83822000,31102000,"ICEU","B2209",100.21,100.19,100.22
2022-07-07,83824000,31104000,"ICEU","B2209",100.21,100.19,100.22
2022-07-07,83826000,31106000,"ICEU","B2209",100.21,100.19,100.22
2022-07-07,83827000,31107000,"ICEU","B2209",100.21,100.19,100.22
2022-07-07,83828000,31108000,"ICEU","B2209",100.21,100.2,100.23
2022-07-07,83829000,31109000,"ICEU","B2209",100.21,100.21,100.24
2022-07-07,83831000,31111000,"ICEU","B2209",100.21,100.21,100.24
2022-07-07,83833000,31113000,"ICEU","B2209",100.21,100.21,100.24
2022-07-07,83836000,31116000,"ICEU","B2209",100.21,100.21,100.24
2022-07-07,83837000,31117000,"ICEU","B2209",100.21,100.21,100.24
2022-07-07,83839000,31119000,"ICEU","B2209",100.21,100.21,100.24
2022-07-07,83844000,31124000,"ICEU","B2209",100.21,100.21,100.24
2022-07-07,83846000,31126000,"ICEU","B2209",100.21,100.21,100.24
2022-07-07,83852000,31132000,"ICEU","B2209",100.21,100.22,100.24
2022-07-07,83853000,31133000,"ICEU","B2209",100.21,100.22,100.24
2022-07-07,83900000,31140000,"ICEU","B2209",100.21,100.17,100.2
2022-07-07,83901000,31141000,"ICEU","B2209",100.21,100.15,100.18
2022-07-07,83903000,31143000,"ICEU","B2209",100.21,100.19,100.22
2022-07-07,83906000,31146000,"ICEU","B2209",100.21,100.2,100.23
2022-07-07,83908000,31148000,"ICEU","B2209",100.21,100.2,100.23
2022-07-07,83911000,31151000,"ICEU","B2209",100.21,100.2,100.23
2022-07-07,83915000,31155000,"ICEU","B2209",100.21,100.2,100.23
2022-07-07,83918000,31158000,"ICEU","B2209",100.21,100.2,100.23
2022-07-07,83919000,31159000,"ICEU","B2209",100.21,100.21,100.24
2022-07-07,83923000,31163000,"ICEU","B2209",100.21,100.2,100.23
2022-07-07,83925000,31165000,"ICEU","B2209",100.21,100.2,100.23
2022-07-07,83927000,31167000,"ICEU","B2209",100.21,100.21,100.24
2022-07-07,83929000,31169000,"ICEU","B2209",100.21,100.22,100.25
2022-07-07,83930000,31170000,"ICEU","B2209",100.21,100.22,100.25
2022-07-07,83939000,31179000,"ICEU","B2209",100.21,100.22,100.25
2022-07-07,83942000,31182000,"ICEU","B2209",100.21,100.22,100.25
2022-07-07,83948000,31188000,"ICEU","B2209",100.21,100.22,100.25
2022-07-07,83955000,31195000,"ICEU","B2209",100.21,100.22,100.25
2022-07-07,8.4e+07,31200000,"ICEU","B2209",100.21,100.2,100.23
2022-07-07,84003000,31203000,"ICEU","B2209",100.21,100.2,100.23
2022-07-07,84007000,31207000,"ICEU","B2209",100.21,100.2,100.24
2022-07-07,84011000,31211000,"ICEU","B2209",100.21,100.21,100.24
2022-07-07,84014000,31214000,"ICEU","B2209",100.21,100.21,100.24
2022-07-07,84018000,31218000,"ICEU","B2209",100.21,100.21,100.24
2022-07-07,84030000,31230000,"ICEU","B2209",100.21,100.19,100.22
2022-07-07,84033000,31233000,"ICEU","B2209",100.25,100.23,100.26
2022-07-07,84034000,31234000,"ICEU","B2209",100.25,100.22,100.25
2022-07-07,84035000,31235000,"ICEU","B2209",100.25,100.22,100.25
2022-07-07,84036000,31236000,"ICEU","B2209",100.25,100.22,100.25
2022-07-07,84037000,31237000,"ICEU","B2209",100.25,100.22,100.25
2022-07-07,84040000,31240000,"ICEU","B2209",100.25,100.22,100.25
2022-07-07,84041000,31241000,"ICEU","B2209",100.25,100.22,100.26
2022-07-07,84042000,31242000,"ICEU","B2209",100.25,100.24,100.26
2022-07-07,84047000,31247000,"ICEU","B2209",100.25,100.25,100.28
2022-07-07,84052000,31252000,"ICEU","B2209",100.25,100.25,100.28
2022-07-07,84053000,31253000,"ICEU","B2209",100.25,100.26,100.28
2022-07-07,84054000,31254000,"ICEU","B2209",100.25,100.26,100.28
2022-07-07,84056000,31256000,"ICEU","B2209",100.25,100.26,100.28
2022-07-07,84059000,31259000,"ICEU","B2209",100.25,100.26,100.28
2022-07-07,84105000,31265000,"ICEU","B2209",100.25,100.26,100.28
2022-07-07,84113000,31273000,"ICEU","B2209",100.25,100.26,100.28
2022-07-07,84120000,31280000,"ICEU","B2209",100.26,100.22,100.25
2022-07-07,84121000,31281000,"ICEU","B2209",100.26,100.22,100.25
2022-07-07,84132000,31292000,"ICEU","B2209",100.25,100.26,100.3
2022-07-07,84133000,31293000,"ICEU","B2209",100.25,100.28,100.31
2022-07-07,84134000,31294000,"ICEU","B2209",100.25,100.28,100.31
2022-07-07,84139000,31299000,"ICEU","B2209",100.25,100.28,100.31
2022-07-07,84142000,31302000,"ICEU","B2209",100.25,100.28,100.31
2022-07-07,84145000,31305000,"ICEU","B2209",100.25,100.28,100.31
2022-07-07,84146000,31306000,"ICEU","B2209",100.28,100.28,100.31
2022-07-07,84147000,31307000,"ICEU","B2209",100.28,100.27,100.3
2022-07-07,84150000,31310000,"ICEU","B2209",100.28,100.27,100.31
2022-07-07,84151000,31311000,"ICEU","B2209",100.28,100.28,100.31
2022-07-07,84153000,31313000,"ICEU","B2209",100.28,100.3,100.32
2022-07-07,84159000,31319000,"ICEU","B2209",100.28,100.3,100.32
2022-07-07,84200000,31320000,"ICEU","B2209",100.28,100.33,100.36
2022-07-07,84201000,31321000,"ICEU","B2209",100.28,100.32,100.36
2022-07-07,84202000,31322000,"ICEU","B2209",100.28,100.3,100.33
2022-07-07,84205000,31325000,"ICEU","B2209",100.28,100.3,100.33
2022-07-07,84207000,31327000,"ICEU","B2209",100.28,100.3,100.33
2022-07-07,84209000,31329000,"ICEU","B2209",100.28,100.3,100.33
2022-07-07,84211000,31331000,"ICEU","B2209",100.28,100.26,100.29
2022-07-07,84213000,31333000,"ICEU","B2209",100.28,100.26,100.29
2022-07-07,84214000,31334000,"ICEU","B2209",100.28,100.26,100.29
2022-07-07,84216000,31336000,"ICEU","B2209",100.27,100.27,100.29
2022-07-07,84217000,31337000,"ICEU","B2209",100.27,100.27,100.29
2022-07-07,84218000,31338000,"ICEU","B2209",100.27,100.27,100.29
2022-07-07,84220000,31340000,"ICEU","B2209",100.27,100.27,100.29
2022-07-07,84221000,31341000,"ICEU","B2209",100.29,100.27,100.3
2022-07-07,84237000,31357000,"ICEU","B2209",100.29,100.27,100.3
2022-07-07,84239000,31359000,"ICEU","B2209",100.29,100.27,100.3
2022-07-07,84240000,31360000,"ICEU","B2209",100.29,100.25,100.28
2022-07-07,84242000,31362000,"ICEU","B2209",100.29,100.25,100.28
2022-07-07,84245000,31365000,"ICEU","B2209",100.29,100.25,100.28
2022-07-07,84248000,31368000,"ICEU","B2209",100.29,100.25,100.28
2022-07-07,84253000,31373000,"ICEU","B2209",100.29,100.25,100.29
2022-07-07,84255000,31375000,"ICEU","B2209",100.29,100.25,100.28
2022-07-07,84256000,31376000,"ICEU","B2209",100.29,100.27,100.3
2022-07-07,84257000,31377000,"ICEU","B2209",100.29,100.26,100.29
2022-07-07,84300000,31380000,"ICEU","B2209",100.29,100.24,100.27
2022-07-07,84301000,31381000,"ICEU","B2209",100.29,100.24,100.27
2022-07-07,84302000,31382000,"ICEU","B2209",100.29,100.24,100.27
2022-07-07,84305000,31385000,"ICEU","B2209",100.29,100.25,100.27
2022-07-07,84306000,31386000,"ICEU","B2209",100.29,100.25,100.27
2022-07-07,84307000,31387000,"ICEU","B2209",100.29,100.24,100.27
2022-07-07,84309000,31389000,"ICEU","B2209",100.29,100.24,100.27
2022-07-07,84311000,31391000,"ICEU","B2209",100.29,100.25,100.27
2022-07-07,84312000,31392000,"ICEU","B2209",100.27,100.26,100.28
2022-07-07,84313000,31393000,"ICEU","B2209",100.27,100.25,100.28
2022-07-07,84314000,31394000,"ICEU","B2209",100.27,100.24,100.27
2022-07-07,84321000,31401000,"ICEU","B2209",100.27,100.24,100.27
2022-07-07,84322000,31402000,"ICEU","B2209",100.31,100.31,100.33
2022-07-07,84323000,31403000,"ICEU","B2209",100.31,100.31,100.33
2022-07-07,84324000,31404000,"ICEU","B2209",100.31,100.31,100.33
2022-07-07,84325000,31405000,"ICEU","B2209",100.31,100.31,100.33
2022-07-07,84328000,31408000,"ICEU","B2209",100.31,100.32,100.35
2022-07-07,84329000,31409000,"ICEU","B2209",100.31,100.33,100.36
2022-07-07,84330000,31410000,"ICEU","B2209",100.31,100.34,100.37
2022-07-07,84331000,31411000,"ICEU","B2209",100.35,100.33,100.36
2022-07-07,84332000,31412000,"ICEU","B2209",100.35,100.33,100.36
2022-07-07,84335000,31415000,"ICEU","B2209",100.37,100.39,100.41
2022-07-07,84336000,31416000,"ICEU","B2209",100.37,100.39,100.4
2022-07-07,84338000,31418000,"ICEU","B2209",100.39,100.36,100.39
2022-07-07,84339000,31419000,"ICEU","B2209",100.39,100.38,100.4
2022-07-07,84342000,31422000,"ICEU","B2209",100.39,100.37,100.4
2022-07-07,84343000,31423000,"ICEU","B2209",100.39,100.37,100.4
2022-07-07,84345000,31425000,"ICEU","B2209",100.39,100.37,100.38
2022-07-07,84346000,31426000,"ICEU","B2209",100.39,100.35,100.38
2022-07-07,84350000,31430000,"ICEU","B2209",100.39,100.35,100.38
2022-07-07,84356000,31436000,"ICEU","B2209",100.38,100.35,100.38
2022-07-07,84357000,31437000,"ICEU","B2209",100.38,100.35,100.38
2022-07-07,84359000,31439000,"ICEU","B2209",100.38,100.32,100.35
2022-07-07,84402000,31442000,"ICEU","B2209",100.38,100.33,100.35
2022-07-07,84403000,31443000,"ICEU","B2209",100.38,100.33,100.35
2022-07-07,84406000,31446000,"ICEU","B2209",100.38,100.33,100.35
2022-07-07,84407000,31447000,"ICEU","B2209",100.38,100.33,100.35
2022-07-07,84417000,31457000,"ICEU","B2209",100.38,100.33,100.35
2022-07-07,84418000,31458000,"ICEU","B2209",100.38,100.33,100.35
2022-07-07,84420000,31460000,"ICEU","B2209",100.38,100.32,100.34
2022-07-07,84421000,31461000,"ICEU","B2209",100.38,100.31,100.34
2022-07-07,84422000,31462000,"ICEU","B2209",100.31,100.3,100.33
2022-07-07,84427000,31467000,"ICEU","B2209",100.31,100.3,100.33
2022-07-07,84429000,31469000,"ICEU","B2209",100.31,100.3,100.33
2022-07-07,84431000,31471000,"ICEU","B2209",100.31,100.3,100.33
2022-07-07,84438000,31478000,"ICEU","B2209",100.3,100.26,100.29
2022-07-07,84441000,31481000,"ICEU","B2209",100.3,100.25,100.29
2022-07-07,84442000,31482000,"ICEU","B2209",100.3,100.27,100.29
2022-07-07,84445000,31485000,"ICEU","B2209",100.3,100.27,100.29
2022-07-07,84451000,31491000,"ICEU","B2209",100.3,100.27,100.29
2022-07-07,84453000,31493000,"ICEU","B2209",100.3,100.27,100.29
2022-07-07,84454000,31494000,"ICEU","B2209",100.3,100.27,100.29
2022-07-07,84455000,31495000,"ICEU","B2209",100.3,100.28,100.29
2022-07-07,84457000,31497000,"ICEU","B2209",100.29,100.29,100.3
2022-07-07,84458000,31498000,"ICEU","B2209",100.29,100.29,100.3
2022-07-07,84500000,31500000,"ICEU","B2209",100.29,100.28,100.3
2022-07-07,84502000,31502000,"ICEU","B2209",100.29,100.28,100.3
2022-07-07,84504000,31504000,"ICEU","B2209",100.29,100.28,100.3
2022-07-07,84505000,31505000,"ICEU","B2209",100.37,100.37,100.4
2022-07-07,84506000,31506000,"ICEU","B2209",100.37,100.37,100.4
2022-07-07,84507000,31507000,"ICEU","B2209",100.37,100.37,100.4
2022-07-07,84508000,31508000,"ICEU","B2209",100.37,100.37,100.4
2022-07-07,84510000,31510000,"ICEU","B2209",100.36,100.34,100.37
2022-07-07,84511000,31511000,"ICEU","B2209",100.36,100.35,100.37
2022-07-07,84513000,31513000,"ICEU","B2209",100.36,100.35,100.37
2022-07-07,84519000,31519000,"ICEU","B2209",100.36,100.34,100.37
2022-07-07,84520000,31520000,"ICEU","B2209",100.36,100.34,100.37
2022-07-07,84521000,31521000,"ICEU","B2209",100.36,100.34,100.37
2022-07-07,84522000,31522000,"ICEU","B2209",100.36,100.34,100.37
2022-07-07,84526000,31526000,"ICEU","B2209",100.36,100.33,100.37
2022-07-07,84531000,31531000,"ICEU","B2209",100.36,100.33,100.37
2022-07-07,84533000,31533000,"ICEU","B2209",100.36,100.34,100.37
2022-07-07,84538000,31538000,"ICEU","B2209",100.36,100.34,100.37
2022-07-07,84539000,31539000,"ICEU","B2209",100.36,100.34,100.37
2022-07-07,84540000,31540000,"ICEU","B2209",100.36,100.34,100.37
2022-07-07,84541000,31541000,"ICEU","B2209",100.36,100.34,100.37
2022-07-07,84543000,31543000,"ICEU","B2209",100.36,100.33,100.37
2022-07-07,84546000,31546000,"ICEU","B2209",100.36,100.33,100.37
2022-07-07,84549000,31549000,"ICEU","B2209",100.36,100.33,100.37
2022-07-07,84553000,31553000,"ICEU","B2209",100.36,100.33,100.37
2022-07-07,84558000,31558000,"ICEU","B2209",100.36,100.34,100.37
2022-07-07,84600000,31560000,"ICEU","B2209",100.36,100.34,100.37
2022-07-07,84601000,31561000,"ICEU","B2209",100.37,100.35,100.37
2022-07-07,84602000,31562000,"ICEU","B2209",100.37,100.33,100.36
2022-07-07,84603000,31563000,"ICEU","B2209",100.37,100.33,100.37
2022-07-07,84604000,31564000,"ICEU","B2209",100.37,100.33,100.37
2022-07-07,84605000,31565000,"ICEU","B2209",100.37,100.34,100.37
2022-07-07,84606000,31566000,"ICEU","B2209",100.37,100.34,100.37
2022-07-07,84613000,31573000,"ICEU","B2209",100.37,100.34,100.37
2022-07-07,84615000,31575000,"ICEU","B2209",100.37,100.35,100.37
2022-07-07,84616000,31576000,"ICEU","B2209",100.37,100.34,100.37
2022-07-07,84622000,31582000,"ICEU","B2209",100.37,100.34,100.37
2022-07-07,84624000,31584000,"ICEU","B2209",100.37,100.33,100.36
2022-07-07,84643000,31603000,"ICEU","B2209",100.37,100.33,100.37
2022-07-07,84644000,31604000,"ICEU","B2209",100.37,100.3,100.32
2022-07-07,84645000,31605000,"ICEU","B2209",100.37,100.3,100.32
2022-07-07,84647000,31607000,"ICEU","B2209",100.37,100.3,100.32
2022-07-07,84652000,31612000,"ICEU","B2209",100.37,100.3,100.33
2022-07-07,84653000,31613000,"ICEU","B2209",100.37,100.29,100.31
2022-07-07,84654000,31614000,"ICEU","B2209",100.37,100.29,100.31
2022-07-07,84657000,31617000,"ICEU","B2209",100.37,100.29,100.32
2022-07-07,84658000,31618000,"ICEU","B2209",100.37,100.29,100.31
2022-07-07,84700000,31620000,"ICEU","B2209",100.37,100.29,100.31
2022-07-07,84702000,31622000,"ICEU","B2209",100.37,100.29,100.32
2022-07-07,84703000,31623000,"ICEU","B2209",100.37,100.29,100.32
2022-07-07,84704000,31624000,"ICEU","B2209",100.37,100.29,100.32
2022-07-07,84705000,31625000,"ICEU","B2209",100.29,100.27,100.29
2022-07-07,84711000,31631000,"ICEU","B2209",100.29,100.27,100.29
2022-07-07,84719000,31639000,"ICEU","B2209",100.29,100.27,100.29
2022-07-07,84724000,31644000,"ICEU","B2209",100.29,100.27,100.29
2022-07-07,84742000,31662000,"ICEU","B2209",100.29,100.27,100.29
2022-07-07,84744000,31664000,"ICEU","B2209",100.29,100.27,100.29
2022-07-07,84745000,31665000,"ICEU","B2209",100.29,100.27,100.29
2022-07-07,84756000,31676000,"ICEU","B2209",100.29,100.27,100.3
2022-07-07,84757000,31677000,"ICEU","B2209",100.29,100.27,100.3
2022-07-07,84812000,31692000,"ICEU","B2209",100.29,100.27,100.3
2022-07-07,84813000,31693000,"ICEU","B2209",100.25,100.23,100.26
2022-07-07,84816000,31696000,"ICEU","B2209",100.25,100.22,100.25
2022-07-07,84817000,31697000,"ICEU","B2209",100.23,100.22,100.25
2022-07-07,84819000,31699000,"ICEU","B2209",100.23,100.22,100.25
2022-07-07,84820000,31700000,"ICEU","B2209",100.23,100.21,100.24
2022-07-07,84821000,31701000,"ICEU","B2209",100.23,100.21,100.24
2022-07-07,84823000,31703000,"ICEU","B2209",100.23,100.21,100.24
2022-07-07,84824000,31704000,"ICEU","B2209",100.23,100.2,100.23
2022-07-07,84825000,31705000,"ICEU","B2209",100.23,100.2,100.23
2022-07-07,84827000,31707000,"ICEU","B2209",100.23,100.2,100.23
2022-07-07,84831000,31711000,"ICEU","B2209",100.26,100.25,100.28
2022-07-07,84832000,31712000,"ICEU","B2209",100.26,100.24,100.28
2022-07-07,84833000,31713000,"ICEU","B2209",100.26,100.25,100.28
2022-07-07,84834000,31714000,"ICEU","B2209",100.26,100.25,100.28
2022-07-07,84836000,31716000,"ICEU","B2209",100.26,100.25,100.28
2022-07-07,84837000,31717000,"ICEU","B2209",100.26,100.25,100.28
2022-07-07,84842000,31722000,"ICEU","B2209",100.26,100.25,100.28
2022-07-07,84843000,31723000,"ICEU","B2209",100.26,100.22,100.25
2022-07-07,84844000,31724000,"ICEU","B2209",100.25,100.24,100.27
2022-07-07,84848000,31728000,"ICEU","B2209",100.25,100.23,100.26
2022-07-07,84852000,31732000,"ICEU","B2209",100.25,100.23,100.26
2022-07-07,84853000,31733000,"ICEU","B2209",100.25,100.23,100.26
2022-07-07,84855000,31735000,"ICEU","B2209",100.25,100.23,100.26
2022-07-07,84859000,31739000,"ICEU","B2209",100.25,100.21,100.24
2022-07-07,84900000,31740000,"ICEU","B2209",100.25,100.21,100.24
2022-07-07,84902000,31742000,"ICEU","B2209",100.29,100.28,100.3
2022-07-07,84903000,31743000,"ICEU","B2209",100.29,100.28,100.3
2022-07-07,84904000,31744000,"ICEU","B2209",100.29,100.28,100.3
2022-07-07,84906000,31746000,"ICEU","B2209",100.29,100.28,100.31
2022-07-07,84908000,31748000,"ICEU","B2209",100.29,100.28,100.31
2022-07-07,84912000,31752000,"ICEU","B2209",100.29,100.28,100.3
2022-07-07,84915000,31755000,"ICEU","B2209",100.28,100.26,100.29
2022-07-07,84919000,31759000,"ICEU","B2209",100.28,100.25,100.28
2022-07-07,84923000,31763000,"ICEU","B2209",100.28,100.25,100.28
2022-07-07,84925000,31765000,"ICEU","B2209",100.28,100.25,100.28
2022-07-07,84935000,31775000,"ICEU","B2209",100.28,100.25,100.27
2022-07-07,84936000,31776000,"ICEU","B2209",100.28,100.24,100.27
2022-07-07,84939000,31779000,"ICEU","B2209",100.28,100.25,100.28
2022-07-07,84948000,31788000,"ICEU","B2209",100.28,100.26,100.28
2022-07-07,84956000,31796000,"ICEU","B2209",100.28,100.25,100.27
2022-07-07,84959000,31799000,"ICEU","B2209",100.28,100.25,100.27
2022-07-07,8.5e+07,31800000,"ICEU","B2209",100.28,100.2,100.23
2022-07-07,85001000,31801000,"ICEU","B2209",100.28,100.2,100.24
2022-07-07,85003000,31803000,"ICEU","B2209",100.28,100.22,100.25
2022-07-07,85006000,31806000,"ICEU","B2209",100.28,100.22,100.25
2022-07-07,85007000,31807000,"ICEU","B2209",100.28,100.22,100.25
2022-07-07,85008000,31808000,"ICEU","B2209",100.28,100.21,100.24
2022-07-07,85009000,31809000,"ICEU","B2209",100.28,100.21,100.24
2022-07-07,85013000,31813000,"ICEU","B2209",100.28,100.21,100.24
2022-07-07,85014000,31814000,"ICEU","B2209",100.28,100.19,100.22
2022-07-07,85015000,31815000,"ICEU","B2209",100.28,100.18,100.22
2022-07-07,85016000,31816000,"ICEU","B2209",100.28,100.18,100.22
2022-07-07,85018000,31818000,"ICEU","B2209",100.28,100.19,100.22
2022-07-07,85020000,31820000,"ICEU","B2209",100.28,100.19,100.22
2022-07-07,85021000,31821000,"ICEU","B2209",100.28,100.19,100.23
2022-07-07,85022000,31822000,"ICEU","B2209",100.28,100.18,100.22
2022-07-07,85025000,31825000,"ICEU","B2209",100.28,100.18,100.21
2022-07-07,85026000,31826000,"ICEU","B2209",100.2,100.2,100.23
2022-07-07,85028000,31828000,"ICEU","B2209",100.2,100.2,100.23
2022-07-07,85029000,31829000,"ICEU","B2209",100.2,100.19,100.22
2022-07-07,85030000,31830000,"ICEU","B2209",100.2,100.19,100.22
2022-07-07,85034000,31834000,"ICEU","B2209",100.2,100.19,100.22
2022-07-07,85036000,31836000,"ICEU","B2209",100.2,100.2,100.22
2022-07-07,85051000,31851000,"ICEU","B2209",100.2,100.2,100.23
2022-07-07,85109000,31869000,"ICEU","B2209",100.2,100.25,100.28
2022-07-07,85111000,31871000,"ICEU","B2209",100.2,100.21,100.24
2022-07-07,85112000,31872000,"ICEU","B2209",100.2,100.21,100.24
2022-07-07,85121000,31881000,"ICEU","B2209",100.2,100.22,100.25
2022-07-07,85122000,31882000,"ICEU","B2209",100.2,100.22,100.25
2022-07-07,85123000,31883000,"ICEU","B2209",100.2,100.21,100.24
2022-07-07,85133000,31893000,"ICEU","B2209",100.2,100.21,100.24
2022-07-07,85134000,31894000,"ICEU","B2209",100.2,100.18,100.22
2022-07-07,85135000,31895000,"ICEU","B2209",100.2,100.2,100.23
2022-07-07,85138000,31898000,"ICEU","B2209",100.2,100.18,100.22
2022-07-07,85139000,31899000,"ICEU","B2209",100.2,100.18,100.22
2022-07-07,85141000,31901000,"ICEU","B2209",100.2,100.18,100.2
2022-07-07,85143000,31903000,"ICEU","B2209",100.2,100.18,100.21
2022-07-07,85149000,31909000,"ICEU","B2209",100.2,100.15,100.19
2022-07-07,85153000,31913000,"ICEU","B2209",100.2,100.15,100.19
2022-07-07,85154000,31914000,"ICEU","B2209",100.2,100.17,100.2
2022-07-07,85155000,31915000,"ICEU","B2209",100.17,100.13,100.16
2022-07-07,85156000,31916000,"ICEU","B2209",100.17,100.13,100.16
2022-07-07,85157000,31917000,"ICEU","B2209",100.17,100.13,100.16
2022-07-07,85159000,31919000,"ICEU","B2209",100.17,100.13,100.16
2022-07-07,85201000,31921000,"ICEU","B2209",100.17,100.14,100.17
2022-07-07,85202000,31922000,"ICEU","B2209",100.17,100.13,100.16
2022-07-07,85203000,31923000,"ICEU","B2209",100.17,100.14,100.17
2022-07-07,85208000,31928000,"ICEU","B2209",100.17,100.14,100.17
2022-07-07,85210000,31930000,"ICEU","B2209",100.17,100.13,100.16
2022-07-07,85211000,31931000,"ICEU","B2209",100.17,100.15,100.18
2022-07-07,85218000,31938000,"ICEU","B2209",100.17,100.13,100.16
2022-07-07,85219000,31939000,"ICEU","B2209",100.17,100.13,100.16
2022-07-07,85223000,31943000,"ICEU","B2209",100.17,100.15,100.18
2022-07-07,85224000,31944000,"ICEU","B2209",100.16,100.15,100.18
2022-07-07,85225000,31945000,"ICEU","B2209",100.16,100.15,100.18
2022-07-07,85230000,31950000,"ICEU","B2209",100.18,100.19,100.21
2022-07-07,85231000,31951000,"ICEU","B2209",100.18,100.21,100.23
2022-07-07,85232000,31952000,"ICEU","B2209",100.23,100.23,100.25
2022-07-07,85233000,31953000,"ICEU","B2209",100.23,100.22,100.25
2022-07-07,85234000,31954000,"ICEU","B2209",100.23,100.22,100.25
2022-07-07,85235000,31955000,"ICEU","B2209",100.23,100.22,100.25
2022-07-07,85236000,31956000,"ICEU","B2209",100.23,100.22,100.25
2022-07-07,85239000,31959000,"ICEU","B2209",100.23,100.21,100.24
2022-07-07,85240000,31960000,"ICEU","B2209",100.23,100.21,100.24
2022-07-07,85241000,31961000,"ICEU","B2209",100.24,100.22,100.24
2022-07-07,85242000,31962000,"ICEU","B2209",100.25,100.25,100.27
2022-07-07,85243000,31963000,"ICEU","B2209",100.25,100.25,100.27
2022-07-07,85244000,31964000,"ICEU","B2209",100.29,100.29,100.31
2022-07-07,85245000,31965000,"ICEU","B2209",100.29,100.29,100.31
2022-07-07,85247000,31967000,"ICEU","B2209",100.29,100.3,100.32
2022-07-07,85248000,31968000,"ICEU","B2209",100.29,100.29,100.32
2022-07-07,85249000,31969000,"ICEU","B2209",100.29,100.29,100.32
2022-07-07,85250000,31970000,"ICEU","B2209",100.29,100.29,100.32
2022-07-07,85251000,31971000,"ICEU","B2209",100.32,100.31,100.33
2022-07-07,85255000,31975000,"ICEU","B2209",100.28,100.26,100.29
2022-07-07,85256000,31976000,"ICEU","B2209",100.28,100.26,100.29
2022-07-07,85257000,31977000,"ICEU","B2209",100.28,100.26,100.29
2022-07-07,85300000,31980000,"ICEU","B2209",100.28,100.28,100.3
2022-07-07,85302000,31982000,"ICEU","B2209",100.28,100.28,100.31
2022-07-07,85306000,31986000,"ICEU","B2209",100.28,100.27,100.3
2022-07-07,85310000,31990000,"ICEU","B2209",100.28,100.27,100.3
2022-07-07,85311000,31991000,"ICEU","B2209",100.28,100.26,100.29
2022-07-07,85314000,31994000,"ICEU","B2209",100.28,100.26,100.29
2022-07-07,85316000,31996000,"ICEU","B2209",100.28,100.26,100.29
2022-07-07,85317000,31997000,"ICEU","B2209",100.28,100.26,100.29
2022-07-07,85318000,31998000,"ICEU","B2209",100.28,100.24,100.27
2022-07-07,85320000,32000000,"ICEU","B2209",100.28,100.24,100.27
2022-07-07,85322000,32002000,"ICEU","B2209",100.28,100.2,100.23
2022-07-07,85323000,32003000,"ICEU","B2209",100.23,100.22,100.24
2022-07-07,85327000,32007000,"ICEU","B2209",100.23,100.22,100.25
2022-07-07,85335000,32015000,"ICEU","B2209",100.23,100.22,100.27
2022-07-07,85336000,32016000,"ICEU","B2209",100.23,100.25,100.28
2022-07-07,85339000,32019000,"ICEU","B2209",100.23,100.24,100.28
2022-07-07,85340000,32020000,"ICEU","B2209",100.23,100.24,100.27
2022-07-07,85341000,32021000,"ICEU","B2209",100.23,100.24,100.27
2022-07-07,85345000,32025000,"ICEU","B2209",100.23,100.24,100.27
2022-07-07,85346000,32026000,"ICEU","B2209",100.23,100.23,100.26
2022-07-07,85348000,32028000,"ICEU","B2209",100.23,100.2,100.23
2022-07-07,85353000,32033000,"ICEU","B2209",100.23,100.21,100.23
2022-07-07,85354000,32034000,"ICEU","B2209",100.23,100.23,100.27
2022-07-07,85356000,32036000,"ICEU","B2209",100.23,100.23,100.26
2022-07-07,85359000,32039000,"ICEU","B2209",100.23,100.23,100.26
2022-07-07,85401000,32041000,"ICEU","B2209",100.23,100.21,100.25
2022-07-07,85404000,32044000,"ICEU","B2209",100.23,100.21,100.25
2022-07-07,85410000,32050000,"ICEU","B2209",100.23,100.22,100.25
2022-07-07,85411000,32051000,"ICEU","B2209",100.23,100.22,100.25
2022-07-07,85412000,32052000,"ICEU","B2209",100.23,100.17,100.2
2022-07-07,85413000,32053000,"ICEU","B2209",100.23,100.17,100.2
2022-07-07,85418000,32058000,"ICEU","B2209",100.23,100.17,100.2
2022-07-07,85419000,32059000,"ICEU","B2209",100.23,100.15,100.18
2022-07-07,85420000,32060000,"ICEU","B2209",100.23,100.15,100.18
2022-07-07,85421000,32061000,"ICEU","B2209",100.23,100.16,100.19
2022-07-07,85422000,32062000,"ICEU","B2209",100.23,100.15,100.18
2022-07-07,85425000,32065000,"ICEU","B2209",100.23,100.13,100.16
2022-07-07,85426000,32066000,"ICEU","B2209",100.23,100.13,100.16
2022-07-07,85427000,32067000,"ICEU","B2209",100.23,100.13,100.16
2022-07-07,85428000,32068000,"ICEU","B2209",100.23,100.13,100.16
2022-07-07,85429000,32069000,"ICEU","B2209",100.23,100.14,100.16
2022-07-07,85430000,32070000,"ICEU","B2209",100.23,100.14,100.16
2022-07-07,85438000,32078000,"ICEU","B2209",100.23,100.12,100.15
2022-07-07,85440000,32080000,"ICEU","B2209",100.23,100.15,100.17
2022-07-07,85441000,32081000,"ICEU","B2209",100.23,100.15,100.17
2022-07-07,85442000,32082000,"ICEU","B2209",100.23,100.15,100.17
2022-07-07,85443000,32083000,"ICEU","B2209",100.23,100.15,100.17
2022-07-07,85444000,32084000,"ICEU","B2209",100.23,100.15,100.17
2022-07-07,85447000,32087000,"ICEU","B2209",100.23,100.17,100.2
2022-07-07,85449000,32089000,"ICEU","B2209",100.23,100.17,100.2
2022-07-07,85500000,32100000,"ICEU","B2209",100.23,100.19,100.22
2022-07-07,85502000,32102000,"ICEU","B2209",100.23,100.18,100.21
2022-07-07,85505000,32105000,"ICEU","B2209",100.23,100.18,100.21
2022-07-07,85506000,32106000,"ICEU","B2209",100.23,100.18,100.21
2022-07-07,85507000,32107000,"ICEU","B2209",100.23,100.2,100.22
2022-07-07,85508000,32108000,"ICEU","B2209",100.23,100.18,100.22
2022-07-07,85511000,32111000,"ICEU","B2209",100.23,100.19,100.22
2022-07-07,85513000,32113000,"ICEU","B2209",100.23,100.19,100.22
2022-07-07,85514000,32114000,"ICEU","B2209",100.23,100.19,100.24
2022-07-07,85515000,32115000,"ICEU","B2209",100.23,100.19,100.22
2022-07-07,85517000,32117000,"ICEU","B2209",100.23,100.2,100.23
2022-07-07,85518000,32118000,"ICEU","B2209",100.23,100.17,100.21
2022-07-07,85519000,32119000,"ICEU","B2209",100.23,100.18,100.21
2022-07-07,85522000,32122000,"ICEU","B2209",100.23,100.18,100.21
2022-07-07,85526000,32126000,"ICEU","B2209",100.23,100.18,100.21
2022-07-07,85528000,32128000,"ICEU","B2209",100.23,100.17,100.2
2022-07-07,85529000,32129000,"ICEU","B2209",100.23,100.18,100.21
2022-07-07,85530000,32130000,"ICEU","B2209",100.23,100.17,100.2
2022-07-07,85535000,32135000,"ICEU","B2209",100.23,100.17,100.2
2022-07-07,85536000,32136000,"ICEU","B2209",100.23,100.17,100.2
2022-07-07,85539000,32139000,"ICEU","B2209",100.23,100.17,100.2
2022-07-07,85542000,32142000,"ICEU","B2209",100.23,100.17,100.2
2022-07-07,85545000,32145000,"ICEU","B2209",100.23,100.17,100.21
2022-07-07,85552000,32152000,"ICEU","B2209",100.23,100.18,100.21
2022-07-07,85555000,32155000,"ICEU","B2209",100.22,100.2,100.23
2022-07-07,85600000,32160000,"ICEU","B2209",100.22,100.17,100.21
2022-07-07,85606000,32166000,"ICEU","B2209",100.22,100.22,100.23
2022-07-07,85612000,32172000,"ICEU","B2209",100.22,100.21,100.23
2022-07-07,85613000,32173000,"ICEU","B2209",100.22,100.21,100.24
2022-07-07,85616000,32176000,"ICEU","B2209",100.22,100.24,100.25
2022-07-07,85617000,32177000,"ICEU","B2209",100.24,100.23,100.25
2022-07-07,85618000,32178000,"ICEU","B2209",100.29,100.3,100.32
2022-07-07,85619000,32179000,"ICEU","B2209",100.29,100.31,100.33
2022-07-07,85620000,32180000,"ICEU","B2209",100.3,100.29,100.31
2022-07-07,85621000,32181000,"ICEU","B2209",100.3,100.29,100.31
2022-07-07,85622000,32182000,"ICEU","B2209",100.3,100.29,100.32
2022-07-07,85623000,32183000,"ICEU","B2209",100.3,100.29,100.32
2022-07-07,85624000,32184000,"ICEU","B2209",100.3,100.29,100.32
2022-07-07,85625000,32185000,"ICEU","B2209",100.3,100.28,100.31
2022-07-07,85635000,32195000,"ICEU","B2209",100.3,100.27,100.3
2022-07-07,85636000,32196000,"ICEU","B2209",100.3,100.31,100.34
2022-07-07,85637000,32197000,"ICEU","B2209",100.3,100.29,100.32
2022-07-07,85638000,32198000,"ICEU","B2209",100.3,100.29,100.32
2022-07-07,85643000,32203000,"ICEU","B2209",100.3,100.29,100.32
2022-07-07,85644000,32204000,"ICEU","B2209",100.3,100.27,100.31
2022-07-07,85656000,32216000,"ICEU","B2209",100.3,100.27,100.31
2022-07-07,85700000,32220000,"ICEU","B2209",100.3,100.27,100.3
2022-07-07,85701000,32221000,"ICEU","B2209",100.3,100.29,100.32
2022-07-07,85703000,32223000,"ICEU","B2209",100.3,100.29,100.32
2022-07-07,85706000,32226000,"ICEU","B2209",100.3,100.24,100.28
2022-07-07,85709000,32229000,"ICEU","B2209",100.3,100.23,100.26
2022-07-07,85711000,32231000,"ICEU","B2209",100.3,100.23,100.26
2022-07-07,85713000,32233000,"ICEU","B2209",100.26,100.23,100.27
2022-07-07,85715000,32235000,"ICEU","B2209",100.26,100.23,100.27
2022-07-07,85717000,32237000,"ICEU","B2209",100.26,100.23,100.27
2022-07-07,85722000,32242000,"ICEU","B2209",100.26,100.23,100.27
2022-07-07,85723000,32243000,"ICEU","B2209",100.26,100.24,100.27
2022-07-07,85727000,32247000,"ICEU","B2209",100.26,100.23,100.27
2022-07-07,85728000,32248000,"ICEU","B2209",100.26,100.23,100.27
2022-07-07,85756000,32276000,"ICEU","B2209",100.26,100.23,100.27
2022-07-07,85757000,32277000,"ICEU","B2209",100.26,100.23,100.27
2022-07-07,85804000,32284000,"ICEU","B2209",100.26,100.23,100.27
2022-07-07,85813000,32293000,"ICEU","B2209",100.26,100.23,100.26
2022-07-07,85815000,32295000,"ICEU","B2209",100.26,100.23,100.26
2022-07-07,85820000,32300000,"ICEU","B2209",100.26,100.22,100.25
2022-07-07,85823000,32303000,"ICEU","B2209",100.25,100.23,100.26
2022-07-07,85824000,32304000,"ICEU","B2209",100.25,100.23,100.26
2022-07-07,85829000,32309000,"ICEU","B2209",100.25,100.23,100.26
2022-07-07,85835000,32315000,"ICEU","B2209",100.25,100.23,100.26
2022-07-07,85836000,32316000,"ICEU","B2209",100.25,100.23,100.26
2022-07-07,85838000,32318000,"ICEU","B2209",100.25,100.23,100.26
2022-07-07,85840000,32320000,"ICEU","B2209",100.25,100.21,100.24
2022-07-07,85856000,32336000,"ICEU","B2209",100.25,100.2,100.23
2022-07-07,85857000,32337000,"ICEU","B2209",100.25,100.21,100.23
2022-07-07,85859000,32339000,"ICEU","B2209",100.25,100.21,100.23
2022-07-07,85901000,32341000,"ICEU","B2209",100.25,100.21,100.24
2022-07-07,85909000,32349000,"ICEU","B2209",100.25,100.21,100.24
2022-07-07,85912000,32352000,"ICEU","B2209",100.25,100.21,100.24
2022-07-07,85915000,32355000,"ICEU","B2209",100.25,100.21,100.24
2022-07-07,85922000,32362000,"ICEU","B2209",100.25,100.21,100.24
2022-07-07,85923000,32363000,"ICEU","B2209",100.25,100.19,100.23
2022-07-07,85924000,32364000,"ICEU","B2209",100.25,100.19,100.23
2022-07-07,85927000,32367000,"ICEU","B2209",100.25,100.19,100.23
2022-07-07,85928000,32368000,"ICEU","B2209",100.25,100.17,100.21
2022-07-07,85929000,32369000,"ICEU","B2209",100.25,100.17,100.21
2022-07-07,85934000,32374000,"ICEU","B2209",100.25,100.18,100.22
2022-07-07,85935000,32375000,"ICEU","B2209",100.25,100.18,100.22
2022-07-07,85939000,32379000,"ICEU","B2209",100.22,100.2,100.23
2022-07-07,85946000,32386000,"ICEU","B2209",100.22,100.2,100.23
2022-07-07,85948000,32388000,"ICEU","B2209",100.22,100.21,100.23
2022-07-07,85951000,32391000,"ICEU","B2209",100.22,100.21,100.23
2022-07-07,85954000,32394000,"ICEU","B2209",100.22,100.2,100.23
2022-07-07,85957000,32397000,"ICEU","B2209",100.22,100.19,100.23
2022-07-07,85959000,32399000,"ICEU","B2209",100.22,100.22,100.23
2022-07-07,9e+07,32400000,"ICEU","B2209",100.19,100.2,100.22
2022-07-07,90001000,32401000,"ICEU","B2209",100.28,100.27,100.3
2022-07-07,90002000,32402000,"ICEU","B2209",100.29,100.27,100.3
2022-07-07,90003000,32403000,"ICEU","B2209",100.33,100.32,100.35
2022-07-07,90004000,32404000,"ICEU","B2209",100.35,100.33,100.36
2022-07-07,90005000,32405000,"ICEU","B2209",100.34,100.35,100.37
2022-07-07,90006000,32406000,"ICEU","B2209",100.37,100.36,100.39
2022-07-07,90007000,32407000,"ICEU","B2209",100.37,100.36,100.39
2022-07-07,90008000,32408000,"ICEU","B2209",100.37,100.35,100.37
2022-07-07,90009000,32409000,"ICEU","B2209",100.41,100.38,100.41
2022-07-07,90010000,32410000,"ICEU","B2209",100.39,100.4,100.42
2022-07-07,90011000,32411000,"ICEU","B2209",100.44,100.42,100.45
2022-07-07,90012000,32412000,"ICEU","B2209",100.46,100.46,100.47
2022-07-07,90013000,32413000,"ICEU","B2209",100.47,100.45,100.47
2022-07-07,90014000,32414000,"ICEU","B2209",100.45,100.44,100.46
2022-07-07,90015000,32415000,"ICEU","B2209",100.45,100.44,100.46
2022-07-07,90016000,32416000,"ICEU","B2209",100.45,100.44,100.46
2022-07-07,90017000,32417000,"ICEU","B2209",100.45,100.44,100.47
2022-07-07,90018000,32418000,"ICEU","B2209",100.46,100.45,100.48
2022-07-07,90019000,32419000,"ICEU","B2209",100.45,100.44,100.47
2022-07-07,90020000,32420000,"ICEU","B2209",100.43,100.41,100.44
2022-07-07,90021000,32421000,"ICEU","B2209",100.42,100.4,100.43
2022-07-07,90022000,32422000,"ICEU","B2209",100.42,100.41,100.43
2022-07-07,90023000,32423000,"ICEU","B2209",100.44,100.42,100.45
2022-07-07,90024000,32424000,"ICEU","B2209",100.44,100.41,100.45
2022-07-07,90025000,32425000,"ICEU","B2209",100.4,100.39,100.41
2022-07-07,90026000,32426000,"ICEU","B2209",100.39,100.35,100.38
2022-07-07,90027000,32427000,"ICEU","B2209",100.39,100.31,100.35
2022-07-07,90028000,32428000,"ICEU","B2209",100.34,100.31,100.35
2022-07-07,90029000,32429000,"ICEU","B2209",100.34,100.34,100.35
2022-07-07,90030000,32430000,"ICEU","B2209",100.34,100.37,100.38
2022-07-07,90031000,32431000,"ICEU","B2209",100.37,100.39,100.41
2022-07-07,90032000,32432000,"ICEU","B2209",100.39,100.38,100.4
2022-07-07,90033000,32433000,"ICEU","B2209",100.36,100.35,100.36
2022-07-07,90034000,32434000,"ICEU","B2209",100.3,100.27,100.31
2022-07-07,90035000,32435000,"ICEU","B2209",100.25,100.23,100.27
2022-07-07,90036000,32436000,"ICEU","B2209",100.25,100.22,100.25
2022-07-07,90037000,32437000,"ICEU","B2209",100.25,100.26,100.29
2022-07-07,90038000,32438000,"ICEU","B2209",100.25,100.25,100.29
2022-07-07,90039000,32439000,"ICEU","B2209",100.25,100.23,100.26
2022-07-07,90040000,32440000,"ICEU","B2209",100.22,100.2,100.23
2022-07-07,90041000,32441000,"ICEU","B2209",100.21,100.18,100.21
2022-07-07,90042000,32442000,"ICEU","B2209",100.18,100.17,100.2
2022-07-07,90043000,32443000,"ICEU","B2209",100.18,100.17,100.19
2022-07-07,90044000,32444000,"ICEU","B2209",100.15,100.12,100.16
2022-07-07,90045000,32445000,"ICEU","B2209",100.15,100.12,100.15
2022-07-07,90046000,32446000,"ICEU","B2209",100.11,100.07,100.1
2022-07-07,90047000,32447000,"ICEU","B2209",100.08,100.09,100.11
2022-07-07,90048000,32448000,"ICEU","B2209",100.09,100.07,100.1
2022-07-07,90049000,32449000,"ICEU","B2209",100.06,100.04,100.07
2022-07-07,90050000,32450000,"ICEU","B2209",99.9799999999999,99.97,99.9999999999999
2022-07-07,90051000,32451000,"ICEU","B2209",99.9799999999999,99.97,99.9999999999999
2022-07-07,90052000,32452000,"ICEU","B2209",100.01,100.01,100.04
2022-07-07,90053000,32453000,"ICEU","B2209",100.04,99.9799999999999,100.01
2022-07-07,90054000,32454000,"ICEU","B2209",100.01,99.97,99.9999999999999
2022-07-07,90055000,32455000,"ICEU","B2209",100.03,99.9999999999999,100.04
2022-07-07,90056000,32456000,"ICEU","B2209",100.03,99.99,100.03
2022-07-07,90057000,32457000,"ICEU","B2209",99.9999999999999,99.9999999999999,100.03
2022-07-07,90058000,32458000,"ICEU","B2209",99.9999999999999,100.02,100.05
2022-07-07,90059000,32459000,"ICEU","B2209",100.05,100.06,100.09
2022-07-07,90100000,32460000,"ICEU","B2209",100.04,100.02,100.05
2022-07-07,90101000,32461000,"ICEU","B2209",100.04,100.01,100.04
2022-07-07,90102000,32462000,"ICEU","B2209",100.01,100.01,100.03
2022-07-07,90103000,32463000,"ICEU","B2209",100.02,100.01,100.03
2022-07-07,90104000,32464000,"ICEU","B2209",99.97,99.9199999999999,99.9499999999999
2022-07-07,90105000,32465000,"ICEU","B2209",99.8999999999999,99.8899999999999,99.91
2022-07-07,90106000,32466000,"ICEU","B2209",99.91,99.8899999999999,99.91
2022-07-07,90107000,32467000,"ICEU","B2209",99.9199999999999,99.9199999999999,99.96
2022-07-07,90108000,32468000,"ICEU","B2209",99.94,99.9299999999999,99.96
2022-07-07,90109000,32469000,"ICEU","B2209",99.94,99.91,99.9499999999999
2022-07-07,90110000,32470000,"ICEU","B2209",99.88,99.86,99.8999999999999
2022-07-07,90111000,32471000,"ICEU","B2209",99.88,99.86,99.8999999999999
2022-07-07,90112000,32472000,"ICEU","B2209",99.8699999999999,99.8699999999999,99.91
2022-07-07,90113000,32473000,"ICEU","B2209",99.8699999999999,99.8399999999999,99.8899999999999
2022-07-07,90114000,32474000,"ICEU","B2209",99.8899999999999,99.86,99.8999999999999
2022-07-07,90115000,32475000,"ICEU","B2209",99.8399999999999,99.83,99.8699999999999
2022-07-07,90116000,32476000,"ICEU","B2209",99.8099999999999,99.7899999999999,99.83
2022-07-07,90117000,32477000,"ICEU","B2209",99.7899999999999,99.7899999999999,99.82
2022-07-07,90118000,32478000,"ICEU","B2209",99.7899999999999,99.8399999999999,99.8699999999999
2022-07-07,90119000,32479000,"ICEU","B2209",99.7899999999999,99.83,99.8699999999999
2022-07-07,90120000,32480000,"ICEU","B2209",99.7899999999999,99.8099999999999,99.8399999999999
2022-07-07,90121000,32481000,"ICEU","B2209",99.7899999999999,99.8,99.83
2022-07-07,90122000,32482000,"ICEU","B2209",99.8399999999999,99.8399999999999,99.8699999999999
2022-07-07,90123000,32483000,"ICEU","B2209",99.8399999999999,99.8399999999999,99.8699999999999
2022-07-07,90124000,32484000,"ICEU","B2209",99.8399999999999,99.83,99.86
2022-07-07,90125000,32485000,"ICEU","B2209",99.8399999999999,99.8099999999999,99.85
2022-07-07,90126000,32486000,"ICEU","B2209",99.8399999999999,99.82,99.85
2022-07-07,90127000,32487000,"ICEU","B2209",99.8399999999999,99.82,99.85
2022-07-07,90128000,32488000,"ICEU","B2209",99.85,99.7899999999999,99.83
2022-07-07,90129000,32489000,"ICEU","B2209",99.85,99.7599999999999,99.8099999999999
2022-07-07,90130000,32490000,"ICEU","B2209",99.8,99.7799999999999,99.8099999999999
2022-07-07,90131000,32491000,"ICEU","B2209",99.7899999999999,99.7799999999999,99.8099999999999
2022-07-07,90132000,32492000,"ICEU","B2209",99.7899999999999,99.7599999999999,99.8
2022-07-07,90133000,32493000,"ICEU","B2209",99.7899999999999,99.77,99.8
2022-07-07,90134000,32494000,"ICEU","B2209",99.7899999999999,99.77,99.8
2022-07-07,90135000,32495000,"ICEU","B2209",99.7899999999999,99.77,99.8
2022-07-07,90136000,32496000,"ICEU","B2209",99.7899999999999,99.7599999999999,99.7899999999999
2022-07-07,90137000,32497000,"ICEU","B2209",99.7899999999999,99.7499999999999,99.7899999999999
2022-07-07,90138000,32498000,"ICEU","B2209",99.7899999999999,99.77,99.8
2022-07-07,90140000,32500000,"ICEU","B2209",99.7899999999999,99.7499999999999,99.7799999999999
2022-07-07,90143000,32503000,"ICEU","B2209",99.7799999999999,99.7599999999999,99.8
2022-07-07,90144000,32504000,"ICEU","B2209",99.7799999999999,99.74,99.7799999999999
2022-07-07,90145000,32505000,"ICEU","B2209",99.7799999999999,99.7599999999999,99.7899999999999
2022-07-07,90146000,32506000,"ICEU","B2209",99.7799999999999,99.77,99.7899999999999
2022-07-07,90147000,32507000,"ICEU","B2209",99.7899999999999,99.7799999999999,99.8
2022-07-07,90148000,32508000,"ICEU","B2209",99.8,99.8,99.83
2022-07-07,90149000,32509000,"ICEU","B2209",99.8,99.8,99.82
2022-07-07,90150000,32510000,"ICEU","B2209",99.7499999999999,99.7299999999999,99.77
2022-07-07,90151000,32511000,"ICEU","B2209",99.72,99.72,99.7499999999999
2022-07-07,90152000,32512000,"ICEU","B2209",99.72,99.74,99.77
2022-07-07,90153000,32513000,"ICEU","B2209",99.72,99.7599999999999,99.8099999999999
2022-07-07,90154000,32514000,"ICEU","B2209",99.7499999999999,99.7299999999999,99.77
2022-07-07,90155000,32515000,"ICEU","B2209",99.7499999999999,99.7299999999999,99.77
2022-07-07,90156000,32516000,"ICEU","B2209",99.7499999999999,99.71,99.7499999999999
2022-07-07,90157000,32517000,"ICEU","B2209",99.71,99.6799999999999,99.71
2022-07-07,90158000,32518000,"ICEU","B2209",99.6799999999999,99.6799999999999,99.6999999999999
2022-07-07,90159000,32519000,"ICEU","B2209",99.6999999999999,99.69,99.72
2022-07-07,90200000,32520000,"ICEU","B2209",99.71,99.69,99.72
2022-07-07,90201000,32521000,"ICEU","B2209",99.71,99.69,99.72
2022-07-07,90202000,32522000,"ICEU","B2209",99.71,99.6799999999999,99.71
2022-07-07,90203000,32523000,"ICEU","B2209",99.6799999999999,99.6499999999999,99.6799999999999
2022-07-07,90204000,32524000,"ICEU","B2209",99.6499999999999,99.6199999999999,99.6499999999999
2022-07-07,90205000,32525000,"ICEU","B2209",99.61,99.6,99.6399999999999
2022-07-07,90206000,32526000,"ICEU","B2209",99.6,99.5899999999999,99.61
2022-07-07,90207000,32527000,"ICEU","B2209",99.58,99.58,99.6
2022-07-07,90208000,32528000,"ICEU","B2209",99.63,99.6399999999999,99.6699999999999
2022-07-07,90209000,32529000,"ICEU","B2209",99.66,99.69,99.71
2022-07-07,90210000,32530000,"ICEU","B2209",99.6799999999999,99.6699999999999,99.6999999999999
2022-07-07,90211000,32531000,"ICEU","B2209",99.6699999999999,99.63,99.66
2022-07-07,90212000,32532000,"ICEU","B2209",99.6499999999999,99.6499999999999,99.69
2022-07-07,90213000,32533000,"ICEU","B2209",99.66,99.63,99.66
2022-07-07,90214000,32534000,"ICEU","B2209",99.66,99.66,99.69
2022-07-07,90215000,32535000,"ICEU","B2209",99.66,99.66,99.69
2022-07-07,90217000,32537000,"ICEU","B2209",99.66,99.6799999999999,99.71
2022-07-07,90218000,32538000,"ICEU","B2209",99.66,99.6799999999999,99.71
2022-07-07,90219000,32539000,"ICEU","B2209",99.71,99.6999999999999,99.7299999999999
2022-07-07,90220000,32540000,"ICEU","B2209",99.71,99.72,99.7499999999999
2022-07-07,90221000,32541000,"ICEU","B2209",99.71,99.7499999999999,99.7799999999999
2022-07-07,90222000,32542000,"ICEU","B2209",99.77,99.7499999999999,99.77
2022-07-07,90223000,32543000,"ICEU","B2209",99.77,99.72,99.7499999999999
2022-07-07,90224000,32544000,"ICEU","B2209",99.77,99.6999999999999,99.72
2022-07-07,90225000,32545000,"ICEU","B2209",99.6999999999999,99.6699999999999,99.71
2022-07-07,90226000,32546000,"ICEU","B2209",99.71,99.7299999999999,99.7499999999999
2022-07-07,90227000,32547000,"ICEU","B2209",99.7299999999999,99.6999999999999,99.72
2022-07-07,90228000,32548000,"ICEU","B2209",99.7299999999999,99.6999999999999,99.7299999999999
2022-07-07,90229000,32549000,"ICEU","B2209",99.7299999999999,99.69,99.7299999999999
2022-07-07,90230000,32550000,"ICEU","B2209",99.7299999999999,99.69,99.71
2022-07-07,90231000,32551000,"ICEU","B2209",99.7299999999999,99.6799999999999,99.71
2022-07-07,90232000,32552000,"ICEU","B2209",99.6699999999999,99.6499999999999,99.6799999999999
2022-07-07,90233000,32553000,"ICEU","B2209",99.6799999999999,99.6699999999999,99.6999999999999
2022-07-07,90234000,32554000,"ICEU","B2209",99.6799999999999,99.6799999999999,99.71
2022-07-07,90235000,32555000,"ICEU","B2209",99.6799999999999,99.6999999999999,99.72
2022-07-07,90236000,32556000,"ICEU","B2209",99.6999999999999,99.6799999999999,99.71
2022-07-07,90238000,32558000,"ICEU","B2209",99.6999999999999,99.6799999999999,99.71
2022-07-07,90239000,32559000,"ICEU","B2209",99.72,99.72,99.7499999999999
2022-07-07,90240000,32560000,"ICEU","B2209",99.72,99.71,99.7299999999999
2022-07-07,90241000,32561000,"ICEU","B2209",99.72,99.71,99.7299999999999
2022-07-07,90242000,32562000,"ICEU","B2209",99.71,99.71,99.74
2022-07-07,90243000,32563000,"ICEU","B2209",99.71,99.6999999999999,99.74
2022-07-07,90244000,32564000,"ICEU","B2209",99.7299999999999,99.74,99.77
2022-07-07,90245000,32565000,"ICEU","B2209",99.7299999999999,99.74,99.77
2022-07-07,90246000,32566000,"ICEU","B2209",99.77,99.74,99.77
2022-07-07,90247000,32567000,"ICEU","B2209",99.77,99.7499999999999,99.7799999999999
2022-07-07,90248000,32568000,"ICEU","B2209",99.77,99.7499999999999,99.7799999999999
2022-07-07,90249000,32569000,"ICEU","B2209",99.77,99.7499999999999,99.7799999999999
2022-07-07,90250000,32570000,"ICEU","B2209",99.7799999999999,99.77,99.8
2022-07-07,90251000,32571000,"ICEU","B2209",99.7799999999999,99.7599999999999,99.7899999999999
2022-07-07,90252000,32572000,"ICEU","B2209",99.7799999999999,99.8,99.83
2022-07-07,90253000,32573000,"ICEU","B2209",99.8,99.7799999999999,99.8099999999999
2022-07-07,90254000,32574000,"ICEU","B2209",99.8,99.7899999999999,99.82
2022-07-07,90255000,32575000,"ICEU","B2209",99.8,99.8,99.82
2022-07-07,90256000,32576000,"ICEU","B2209",99.8,99.7899999999999,99.82
2022-07-07,90258000,32578000,"ICEU","B2209",99.8,99.8,99.83
2022-07-07,90259000,32579000,"ICEU","B2209",99.8,99.7499999999999,99.7799999999999
2022-07-07,90300000,32580000,"ICEU","B2209",99.7599999999999,99.7499999999999,99.7799999999999
2022-07-07,90301000,32581000,"ICEU","B2209",99.7499999999999,99.72,99.7499999999999
2022-07-07,90302000,32582000,"ICEU","B2209",99.7499999999999,99.74,99.77
2022-07-07,90303000,32583000,"ICEU","B2209",99.77,99.77,99.7899999999999
2022-07-07,90304000,32584000,"ICEU","B2209",99.77,99.7299999999999,99.7499999999999
2022-07-07,90305000,32585000,"ICEU","B2209",99.74,99.7299999999999,99.7599999999999
2022-07-07,90307000,32587000,"ICEU","B2209",99.6999999999999,99.6799999999999,99.71
2022-07-07,90308000,32588000,"ICEU","B2209",99.6999999999999,99.6799999999999,99.71
2022-07-07,90309000,32589000,"ICEU","B2209",99.6799999999999,99.6499999999999,99.6799999999999
2022-07-07,90310000,32590000,"ICEU","B2209",99.69,99.66,99.6799999999999
2022-07-07,90311000,32591000,"ICEU","B2209",99.69,99.66,99.69
2022-07-07,90312000,32592000,"ICEU","B2209",99.69,99.66,99.6799999999999
2022-07-07,90313000,32593000,"ICEU","B2209",99.66,99.6399999999999,99.6499999999999
2022-07-07,90314000,32594000,"ICEU","B2209",99.6399999999999,99.63,99.6499999999999
2022-07-07,90315000,32595000,"ICEU","B2209",99.63,99.6199999999999,99.6499999999999
2022-07-07,90316000,32596000,"ICEU","B2209",99.6499999999999,99.63,99.6699999999999
2022-07-07,90317000,32597000,"ICEU","B2209",99.6499999999999,99.6199999999999,99.66
2022-07-07,90318000,32598000,"ICEU","B2209",99.63,99.6399999999999,99.6699999999999
2022-07-07,90319000,32599000,"ICEU","B2209",99.63,99.6399999999999,99.6699999999999
2022-07-07,90320000,32600000,"ICEU","B2209",99.63,99.63,99.6499999999999
2022-07-07,90321000,32601000,"ICEU","B2209",99.63,99.63,99.66
2022-07-07,90322000,32602000,"ICEU","B2209",99.63,99.6199999999999,99.6499999999999
2022-07-07,90323000,32603000,"ICEU","B2209",99.6199999999999,99.5899999999999,99.6199999999999
2022-07-07,90324000,32604000,"ICEU","B2209",99.63,99.6199999999999,99.63
2022-07-07,90325000,32605000,"ICEU","B2209",99.6,99.5899999999999,99.6199999999999
2022-07-07,90326000,32606000,"ICEU","B2209",99.6,99.5899999999999,99.6199999999999
2022-07-07,90327000,32607000,"ICEU","B2209",99.6199999999999,99.63,99.6499999999999
2022-07-07,90328000,32608000,"ICEU","B2209",99.6199999999999,99.6199999999999,99.6499999999999
2022-07-07,90329000,32609000,"ICEU","B2209",99.63,99.63,99.66
2022-07-07,90330000,32610000,"ICEU","B2209",99.63,99.6,99.63
2022-07-07,90331000,32611000,"ICEU","B2209",99.63,99.61,99.6499999999999
2022-07-07,90332000,32612000,"ICEU","B2209",99.63,99.63,99.6499999999999
2022-07-07,90333000,32613000,"ICEU","B2209",99.6199999999999,99.5899999999999,99.6199999999999
2022-07-07,90334000,32614000,"ICEU","B2209",99.6199999999999,99.57,99.6
2022-07-07,90335000,32615000,"ICEU","B2209",99.6199999999999,99.58,99.61
2022-07-07,90336000,32616000,"ICEU","B2209",99.6199999999999,99.5899999999999,99.6199999999999
2022-07-07,90337000,32617000,"ICEU","B2209",99.6199999999999,99.5899999999999,99.6199999999999
2022-07-07,90338000,32618000,"ICEU","B2209",99.6199999999999,99.6399999999999,99.66
2022-07-07,90339000,32619000,"ICEU","B2209",99.6399999999999,99.66,99.6799999999999
2022-07-07,90340000,32620000,"ICEU","B2209",99.69,99.69,99.72
2022-07-07,90341000,32621000,"ICEU","B2209",99.69,99.69,99.71
2022-07-07,90342000,32622000,"ICEU","B2209",99.69,99.69,99.72
2022-07-07,90343000,32623000,"ICEU","B2209",99.7299999999999,99.7299999999999,99.7599999999999
2022-07-07,90344000,32624000,"ICEU","B2209",99.7299999999999,99.74,99.77
2022-07-07,90345000,32625000,"ICEU","B2209",99.74,99.71,99.74
2022-07-07,90346000,32626000,"ICEU","B2209",99.74,99.72,99.7499999999999
2022-07-07,90347000,32627000,"ICEU","B2209",99.74,99.7299999999999,99.77
2022-07-07,90348000,32628000,"ICEU","B2209",99.74,99.72,99.7499999999999
2022-07-07,90349000,32629000,"ICEU","B2209",99.7599999999999,99.72,99.7599999999999
2022-07-07,90350000,32630000,"ICEU","B2209",99.7599999999999,99.72,99.74
2022-07-07,90351000,32631000,"ICEU","B2209",99.7599999999999,99.71,99.74
2022-07-07,90352000,32632000,"ICEU","B2209",99.7599999999999,99.74,99.77
2022-07-07,90353000,32633000,"ICEU","B2209",99.7599999999999,99.74,99.77
2022-07-07,90354000,32634000,"ICEU","B2209",99.7599999999999,99.74,99.7599999999999
2022-07-07,90355000,32635000,"ICEU","B2209",99.7599999999999,99.74,99.7599999999999
2022-07-07,90356000,32636000,"ICEU","B2209",99.7599999999999,99.74,99.77
2022-07-07,90357000,32637000,"ICEU","B2209",99.74,99.74,99.77
2022-07-07,90358000,32638000,"ICEU","B2209",99.74,99.7499999999999,99.7799999999999
2022-07-07,90359000,32639000,"ICEU","B2209",99.7499999999999,99.74,99.7599999999999
2022-07-07,90400000,32640000,"ICEU","B2209",99.7299999999999,99.71,99.74
2022-07-07,90401000,32641000,"ICEU","B2209",99.7299999999999,99.7499999999999,99.77
2022-07-07,90402000,32642000,"ICEU","B2209",99.7599999999999,99.77,99.8
2022-07-07,90403000,32643000,"ICEU","B2209",99.7599999999999,99.7799999999999,99.8099999999999
2022-07-07,90404000,32644000,"ICEU","B2209",99.7599999999999,99.7899999999999,99.82
2022-07-07,90406000,32646000,"ICEU","B2209",99.7599999999999,99.77,99.7899999999999
2022-07-07,90407000,32647000,"ICEU","B2209",99.7599999999999,99.7299999999999,99.77
2022-07-07,90408000,32648000,"ICEU","B2209",99.7599999999999,99.7599999999999,99.7899999999999
2022-07-07,90409000,32649000,"ICEU","B2209",99.8099999999999,99.8,99.83
2022-07-07,90410000,32650000,"ICEU","B2209",99.8,99.7899999999999,99.8099999999999
2022-07-07,90411000,32651000,"ICEU","B2209",99.7799999999999,99.7899999999999,99.82
2022-07-07,90412000,32652000,"ICEU","B2209",99.7799999999999,99.7499999999999,99.7799999999999
2022-07-07,90413000,32653000,"ICEU","B2209",99.7799999999999,99.77,99.8099999999999
2022-07-07,90414000,32654000,"ICEU","B2209",99.77,99.77,99.8
2022-07-07,90415000,32655000,"ICEU","B2209",99.7499999999999,99.71,99.7499999999999
2022-07-07,90416000,32656000,"ICEU","B2209",99.7499999999999,99.72,99.7599999999999
2022-07-07,90417000,32657000,"ICEU","B2209",99.7499999999999,99.74,99.77
2022-07-07,90418000,32658000,"ICEU","B2209",99.7499999999999,99.74,99.77
2022-07-07,90419000,32659000,"ICEU","B2209",99.7499999999999,99.74,99.7499999999999
2022-07-07,90420000,32660000,"ICEU","B2209",99.74,99.71,99.74
2022-07-07,90421000,32661000,"ICEU","B2209",99.74,99.71,99.74
2022-07-07,90422000,32662000,"ICEU","B2209",99.74,99.71,99.74
2022-07-07,90423000,32663000,"ICEU","B2209",99.71,99.6699999999999,99.6999999999999
2022-07-07,90424000,32664000,"ICEU","B2209",99.71,99.6699999999999,99.6999999999999
2022-07-07,90425000,32665000,"ICEU","B2209",99.71,99.6699999999999,99.6999999999999
2022-07-07,90427000,32667000,"ICEU","B2209",99.71,99.69,99.71
2022-07-07,90428000,32668000,"ICEU","B2209",99.71,99.69,99.6999999999999
2022-07-07,90429000,32669000,"ICEU","B2209",99.69,99.63,99.6499999999999
2022-07-07,90430000,32670000,"ICEU","B2209",99.69,99.61,99.6399999999999
2022-07-07,90431000,32671000,"ICEU","B2209",99.6499999999999,99.6499999999999,99.6799999999999
2022-07-07,90432000,32672000,"ICEU","B2209",99.6499999999999,99.6499999999999,99.6699999999999
2022-07-07,90433000,32673000,"ICEU","B2209",99.6499999999999,99.6399999999999,99.6699999999999
2022-07-07,90434000,32674000,"ICEU","B2209",99.6499999999999,99.63,99.66
2022-07-07,90435000,32675000,"ICEU","B2209",99.6499999999999,99.63,99.6499999999999
2022-07-07,90436000,32676000,"ICEU","B2209",99.6499999999999,99.6499999999999,99.69
2022-07-07,90437000,32677000,"ICEU","B2209",99.6399999999999,99.6199999999999,99.6499999999999
2022-07-07,90438000,32678000,"ICEU","B2209",99.6399999999999,99.6199999999999,99.6499999999999
2022-07-07,90439000,32679000,"ICEU","B2209",99.6499999999999,99.63,99.6499999999999
2022-07-07,90440000,32680000,"ICEU","B2209",99.6499999999999,99.63,99.6499999999999
2022-07-07,90441000,32681000,"ICEU","B2209",99.63,99.6,99.63
2022-07-07,90442000,32682000,"ICEU","B2209",99.63,99.61,99.6199999999999
2022-07-07,90443000,32683000,"ICEU","B2209",99.63,99.6199999999999,99.6399999999999
2022-07-07,90444000,32684000,"ICEU","B2209",99.63,99.6199999999999,99.6499999999999
2022-07-07,90445000,32685000,"ICEU","B2209",99.63,99.63,99.6499999999999
2022-07-07,90446000,32686000,"ICEU","B2209",99.69,99.6699999999999,99.6999999999999
2022-07-07,90447000,32687000,"ICEU","B2209",99.69,99.6699999999999,99.6999999999999
2022-07-07,90448000,32688000,"ICEU","B2209",99.69,99.6699999999999,99.71
2022-07-07,90449000,32689000,"ICEU","B2209",99.69,99.6699999999999,99.6999999999999
2022-07-07,90450000,32690000,"ICEU","B2209",99.69,99.6699999999999,99.6999999999999
2022-07-07,90451000,32691000,"ICEU","B2209",99.6999999999999,99.6999999999999,99.7299999999999
2022-07-07,90452000,32692000,"ICEU","B2209",99.6999999999999,99.6999999999999,99.7299999999999
2022-07-07,90454000,32694000,"ICEU","B2209",99.6999999999999,99.72,99.7599999999999
2022-07-07,90455000,32695000,"ICEU","B2209",99.6999999999999,99.7299999999999,99.7599999999999
2022-07-07,90456000,32696000,"ICEU","B2209",99.6999999999999,99.7299999999999,99.7599999999999
2022-07-07,90457000,32697000,"ICEU","B2209",99.6999999999999,99.7299999999999,99.7599999999999
2022-07-07,90458000,32698000,"ICEU","B2209",99.6999999999999,99.7499999999999,99.7799999999999
2022-07-07,90459000,32699000,"ICEU","B2209",99.6999999999999,99.7299999999999,99.77
2022-07-07,90500000,32700000,"ICEU","B2209",99.6999999999999,99.7299999999999,99.7499999999999
2022-07-07,90501000,32701000,"ICEU","B2209",99.6999999999999,99.7299999999999,99.7499999999999
2022-07-07,90502000,32702000,"ICEU","B2209",99.7499999999999,99.7599999999999,99.7899999999999
2022-07-07,90503000,32703000,"ICEU","B2209",99.7499999999999,99.7599999999999,99.8
2022-07-07,90504000,32704000,"ICEU","B2209",99.8099999999999,99.7899999999999,99.83
2022-07-07,90505000,32705000,"ICEU","B2209",99.8099999999999,99.7899999999999,99.82
2022-07-07,90506000,32706000,"ICEU","B2209",99.8099999999999,99.8,99.83
2022-07-07,90507000,32707000,"ICEU","B2209",99.8099999999999,99.8,99.8399999999999
2022-07-07,90508000,32708000,"ICEU","B2209",99.8099999999999,99.7899999999999,99.82
2022-07-07,90509000,32709000,"ICEU","B2209",99.8099999999999,99.77,99.8
2022-07-07,90510000,32710000,"ICEU","B2209",99.8099999999999,99.77,99.8
2022-07-07,90511000,32711000,"ICEU","B2209",99.7599999999999,99.74,99.77
2022-07-07,90512000,32712000,"ICEU","B2209",99.7599999999999,99.74,99.77
2022-07-07,90513000,32713000,"ICEU","B2209",99.7599999999999,99.74,99.77
2022-07-07,90515000,32715000,"ICEU","B2209",99.7599999999999,99.74,99.7599999999999
2022-07-07,90516000,32716000,"ICEU","B2209",99.74,99.71,99.74
2022-07-07,90517000,32717000,"ICEU","B2209",99.74,99.7299999999999,99.7599999999999
2022-07-07,90518000,32718000,"ICEU","B2209",99.74,99.74,99.77
2022-07-07,90519000,32719000,"ICEU","B2209",99.74,99.74,99.77
2022-07-07,90521000,32721000,"ICEU","B2209",99.74,99.7599999999999,99.7899999999999
2022-07-07,90523000,32723000,"ICEU","B2209",99.74,99.7799999999999,99.82
2022-07-07,90524000,32724000,"ICEU","B2209",99.74,99.7799999999999,99.8
2022-07-07,90525000,32725000,"ICEU","B2209",99.74,99.7799999999999,99.8099999999999
2022-07-07,90526000,32726000,"ICEU","B2209",99.7799999999999,99.77,99.8
2022-07-07,90527000,32727000,"ICEU","B2209",99.7799999999999,99.77,99.8
2022-07-07,90528000,32728000,"ICEU","B2209",99.7799999999999,99.77,99.7899999999999
2022-07-07,90529000,32729000,"ICEU","B2209",99.7599999999999,99.74,99.77
2022-07-07,90530000,32730000,"ICEU","B2209",99.7599999999999,99.7799999999999,99.8099999999999
2022-07-07,90531000,32731000,"ICEU","B2209",99.7599999999999,99.7799999999999,99.8099999999999
2022-07-07,90532000,32732000,"ICEU","B2209",99.7599999999999,99.7799999999999,99.8
2022-07-07,90533000,32733000,"ICEU","B2209",99.8,99.7899999999999,99.8099999999999
2022-07-07,90534000,32734000,"ICEU","B2209",99.82,99.82,99.8399999999999
2022-07-07,90535000,32735000,"ICEU","B2209",99.8699999999999,99.8399999999999,99.8699999999999
2022-07-07,90536000,32736000,"ICEU","B2209",99.8399999999999,99.82,99.85
2022-07-07,90537000,32737000,"ICEU","B2209",99.82,99.82,99.85
2022-07-07,90538000,32738000,"ICEU","B2209",99.82,99.83,99.85
2022-07-07,90539000,32739000,"ICEU","B2209",99.82,99.86,99.8899999999999
2022-07-07,90540000,32740000,"ICEU","B2209",99.82,99.86,99.8899999999999
2022-07-07,90541000,32741000,"ICEU","B2209",99.82,99.83,99.86
2022-07-07,90542000,32742000,"ICEU","B2209",99.82,99.8399999999999,99.8699999999999
2022-07-07,90543000,32743000,"ICEU","B2209",99.82,99.85,99.8899999999999
2022-07-07,90544000,32744000,"ICEU","B2209",99.82,99.86,99.8899999999999
2022-07-07,90545000,32745000,"ICEU","B2209",99.82,99.8399999999999,99.8699999999999
2022-07-07,90546000,32746000,"ICEU","B2209",99.82,99.82,99.83
2022-07-07,90548000,32748000,"ICEU","B2209",99.8399999999999,99.82,99.8399999999999
2022-07-07,90549000,32749000,"ICEU","B2209",99.8399999999999,99.82,99.8399999999999
2022-07-07,90550000,32750000,"ICEU","B2209",99.8399999999999,99.82,99.85
2022-07-07,90551000,32751000,"ICEU","B2209",99.82,99.82,99.85
2022-07-07,90552000,32752000,"ICEU","B2209",99.82,99.8099999999999,99.8399999999999
2022-07-07,90554000,32754000,"ICEU","B2209",99.82,99.8399999999999,99.8699999999999
2022-07-07,90555000,32755000,"ICEU","B2209",99.8399999999999,99.8099999999999,99.8399999999999
2022-07-07,90556000,32756000,"ICEU","B2209",99.8399999999999,99.8099999999999,99.8399999999999
2022-07-07,90557000,32757000,"ICEU","B2209",99.8399999999999,99.83,99.8399999999999
2022-07-07,90602000,32762000,"ICEU","B2209",99.8399999999999,99.8399999999999,99.8699999999999
2022-07-07,90603000,32763000,"ICEU","B2209",99.8399999999999,99.8399999999999,99.8699999999999
2022-07-07,90605000,32765000,"ICEU","B2209",99.8399999999999,99.83,99.85
2022-07-07,90606000,32766000,"ICEU","B2209",99.88,99.8699999999999,99.8899999999999
2022-07-07,90607000,32767000,"ICEU","B2209",99.8999999999999,99.8699999999999,99.8999999999999
2022-07-07,90609000,32769000,"ICEU","B2209",99.8999999999999,99.8699999999999,99.8999999999999
2022-07-07,90610000,32770000,"ICEU","B2209",99.8999999999999,99.88,99.8999999999999
2022-07-07,90611000,32771000,"ICEU","B2209",99.8999999999999,99.8899999999999,99.9199999999999
2022-07-07,90612000,32772000,"ICEU","B2209",99.8999999999999,99.8899999999999,99.9199999999999
2022-07-07,90613000,32773000,"ICEU","B2209",99.8999999999999,99.8999999999999,99.9299999999999
2022-07-07,90614000,32774000,"ICEU","B2209",99.8999999999999,99.91,99.94
2022-07-07,90615000,32775000,"ICEU","B2209",99.8999999999999,99.91,99.94
2022-07-07,90616000,32776000,"ICEU","B2209",99.8999999999999,99.8999999999999,99.9299999999999
2022-07-07,90618000,32778000,"ICEU","B2209",99.91,99.8999999999999,99.9299999999999
2022-07-07,90619000,32779000,"ICEU","B2209",99.91,99.8999999999999,99.9299999999999
2022-07-07,90620000,32780000,"ICEU","B2209",99.91,99.8899999999999,99.9199999999999
2022-07-07,90621000,32781000,"ICEU","B2209",99.91,99.8699999999999,99.8999999999999
2022-07-07,90622000,32782000,"ICEU","B2209",99.91,99.86,99.8899999999999
2022-07-07,90623000,32783000,"ICEU","B2209",99.86,99.8399999999999,99.85
2022-07-07,90624000,32784000,"ICEU","B2209",99.86,99.8399999999999,99.86
2022-07-07,90625000,32785000,"ICEU","B2209",99.83,99.82,99.85
2022-07-07,90627000,32787000,"ICEU","B2209",99.85,99.85,99.8699999999999
2022-07-07,90628000,32788000,"ICEU","B2209",99.85,99.86,99.88
2022-07-07,90629000,32789000,"ICEU","B2209",99.8399999999999,99.82,99.85
2022-07-07,90630000,32790000,"ICEU","B2209",99.85,99.83,99.86
2022-07-07,90631000,32791000,"ICEU","B2209",99.85,99.7799999999999,99.8099999999999
2022-07-07,90632000,32792000,"ICEU","B2209",99.85,99.8,99.8399999999999
2022-07-07,90633000,32793000,"ICEU","B2209",99.82,99.7799999999999,99.82
2022-07-07,90634000,32794000,"ICEU","B2209",99.82,99.7899999999999,99.82
2022-07-07,90635000,32795000,"ICEU","B2209",99.82,99.7799999999999,99.8099999999999
2022-07-07,90636000,32796000,"ICEU","B2209",99.82,99.7599999999999,99.7899999999999
2022-07-07,90637000,32797000,"ICEU","B2209",99.82,99.77,99.8
2022-07-07,90638000,32798000,"ICEU","B2209",99.82,99.77,99.8
2022-07-07,90639000,32799000,"ICEU","B2209",99.82,99.7899999999999,99.8099999999999
2022-07-07,90640000,32800000,"ICEU","B2209",99.82,99.7899999999999,99.82
2022-07-07,90641000,32801000,"ICEU","B2209",99.82,99.7799999999999,99.8099999999999
2022-07-07,90643000,32803000,"ICEU","B2209",99.82,99.7899999999999,99.82
2022-07-07,90644000,32804000,"ICEU","B2209",99.82,99.77,99.8
2022-07-07,90645000,32805000,"ICEU","B2209",99.82,99.77,99.8
2022-07-07,90646000,32806000,"ICEU","B2209",99.82,99.77,99.8
2022-07-07,90647000,32807000,"ICEU","B2209",99.82,99.7799999999999,99.8
2022-07-07,90648000,32808000,"ICEU","B2209",99.82,99.7899999999999,99.82
2022-07-07,90649000,32809000,"ICEU","B2209",99.82,99.7899999999999,99.82
2022-07-07,90650000,32810000,"ICEU","B2209",99.82,99.82,99.85
2022-07-07,90651000,32811000,"ICEU","B2209",99.82,99.82,99.85
2022-07-07,90653000,32813000,"ICEU","B2209",99.82,99.82,99.85
2022-07-07,90657000,32817000,"ICEU","B2209",99.82,99.82,99.85
2022-07-07,90658000,32818000,"ICEU","B2209",99.82,99.8399999999999,99.8699999999999
2022-07-07,90659000,32819000,"ICEU","B2209",99.82,99.8399999999999,99.8699999999999
2022-07-07,90701000,32821000,"ICEU","B2209",99.82,99.86,99.8899999999999
2022-07-07,90702000,32822000,"ICEU","B2209",99.82,99.85,99.8899999999999
2022-07-07,90704000,32824000,"ICEU","B2209",99.86,99.83,99.86
2022-07-07,90705000,32825000,"ICEU","B2209",99.86,99.83,99.86
2022-07-07,90706000,32826000,"ICEU","B2209",99.83,99.82,99.85
2022-07-07,90707000,32827000,"ICEU","B2209",99.82,99.8,99.83
2022-07-07,90712000,32832000,"ICEU","B2209",99.7899999999999,99.7299999999999,99.7599999999999
2022-07-07,90713000,32833000,"ICEU","B2209",99.7899999999999,99.74,99.7599999999999
2022-07-07,90714000,32834000,"ICEU","B2209",99.7899999999999,99.7599999999999,99.8
2022-07-07,90718000,32838000,"ICEU","B2209",99.7899999999999,99.7599999999999,99.7899999999999
2022-07-07,90719000,32839000,"ICEU","B2209",99.7899999999999,99.7299999999999,99.7599999999999
2022-07-07,90720000,32840000,"ICEU","B2209",99.7899999999999,99.7299999999999,99.7499999999999
2022-07-07,90721000,32841000,"ICEU","B2209",99.7899999999999,99.7299999999999,99.77
2022-07-07,90722000,32842000,"ICEU","B2209",99.7899999999999,99.72,99.7499999999999
2022-07-07,90723000,32843000,"ICEU","B2209",99.7899999999999,99.7299999999999,99.7599999999999
2022-07-07,90724000,32844000,"ICEU","B2209",99.7899999999999,99.7299999999999,99.7599999999999
2022-07-07,90726000,32846000,"ICEU","B2209",99.7899999999999,99.7299999999999,99.7599999999999
2022-07-07,90728000,32848000,"ICEU","B2209",99.7899999999999,99.74,99.77
2022-07-07,90729000,32849000,"ICEU","B2209",99.7899999999999,99.74,99.77
2022-07-07,90730000,32850000,"ICEU","B2209",99.7899999999999,99.7499999999999,99.7799999999999
2022-07-07,90731000,32851000,"ICEU","B2209",99.7899999999999,99.74,99.77
2022-07-07,90738000,32858000,"ICEU","B2209",99.7899999999999,99.74,99.77
2022-07-07,90742000,32862000,"ICEU","B2209",99.7899999999999,99.74,99.77
2022-07-07,90745000,32865000,"ICEU","B2209",99.7899999999999,99.74,99.77
2022-07-07,90746000,32866000,"ICEU","B2209",99.7899999999999,99.74,99.77
2022-07-07,90747000,32867000,"ICEU","B2209",99.77,99.7599999999999,99.7899999999999
2022-07-07,90748000,32868000,"ICEU","B2209",99.77,99.7599999999999,99.7899999999999
2022-07-07,90749000,32869000,"ICEU","B2209",99.77,99.77,99.8
2022-07-07,90751000,32871000,"ICEU","B2209",99.77,99.7899999999999,99.8099999999999
2022-07-07,90752000,32872000,"ICEU","B2209",99.77,99.7899999999999,99.82
2022-07-07,90753000,32873000,"ICEU","B2209",99.8,99.7899999999999,99.82
2022-07-07,90754000,32874000,"ICEU","B2209",99.8,99.7899999999999,99.82
2022-07-07,90756000,32876000,"ICEU","B2209",99.8,99.7799999999999,99.8099999999999
2022-07-07,90758000,32878000,"ICEU","B2209",99.8,99.7499999999999,99.7799999999999
2022-07-07,90759000,32879000,"ICEU","B2209",99.8,99.7599999999999,99.7899999999999
2022-07-07,90800000,32880000,"ICEU","B2209",99.8,99.7599999999999,99.7899999999999
2022-07-07,90801000,32881000,"ICEU","B2209",99.8,99.7599999999999,99.7799999999999
2022-07-07,90802000,32882000,"ICEU","B2209",99.8,99.74,99.77
2022-07-07,90803000,32883000,"ICEU","B2209",99.8,99.74,99.77
2022-07-07,90804000,32884000,"ICEU","B2209",99.8,99.74,99.7599999999999
2022-07-07,90805000,32885000,"ICEU","B2209",99.8,99.74,99.7599999999999
2022-07-07,90806000,32886000,"ICEU","B2209",99.7599999999999,99.7599999999999,99.7799999999999
2022-07-07,90807000,32887000,"ICEU","B2209",99.7599999999999,99.71,99.74
2022-07-07,90808000,32888000,"ICEU","B2209",99.7599999999999,99.6999999999999,99.7299999999999
2022-07-07,90809000,32889000,"ICEU","B2209",99.72,99.7299999999999,99.7499999999999
2022-07-07,90810000,32890000,"ICEU","B2209",99.72,99.6999999999999,99.7299999999999
2022-07-07,90811000,32891000,"ICEU","B2209",99.72,99.69,99.7299999999999
2022-07-07,90812000,32892000,"ICEU","B2209",99.69,99.69,99.72
2022-07-07,90813000,32893000,"ICEU","B2209",99.69,99.69,99.71
2022-07-07,90814000,32894000,"ICEU","B2209",99.69,99.6699999999999,99.6999999999999
2022-07-07,90815000,32895000,"ICEU","B2209",99.69,99.6499999999999,99.6799999999999
2022-07-07,90816000,32896000,"ICEU","B2209",99.69,99.6399999999999,99.6699999999999
2022-07-07,90817000,32897000,"ICEU","B2209",99.66,99.6499999999999,99.6699999999999
2022-07-07,90818000,32898000,"ICEU","B2209",99.66,99.6499999999999,99.6699999999999
2022-07-07,90819000,32899000,"ICEU","B2209",99.66,99.6399999999999,99.6699999999999
2022-07-07,90820000,32900000,"ICEU","B2209",99.66,99.6499999999999,99.6699999999999
2022-07-07,90821000,32901000,"ICEU","B2209",99.6799999999999,99.6799999999999,99.69
2022-07-07,90822000,32902000,"ICEU","B2209",99.6799999999999,99.6799999999999,99.69
2022-07-07,90823000,32903000,"ICEU","B2209",99.6799999999999,99.6799999999999,99.6999999999999
2022-07-07,90826000,32906000,"ICEU","B2209",99.6799999999999,99.66,99.69
2022-07-07,90827000,32907000,"ICEU","B2209",99.6799999999999,99.66,99.69
2022-07-07,90828000,32908000,"ICEU","B2209",99.6799999999999,99.6699999999999,99.69
2022-07-07,90830000,32910000,"ICEU","B2209",99.6799999999999,99.66,99.69
2022-07-07,90831000,32911000,"ICEU","B2209",99.6799999999999,99.6799999999999,99.6999999999999
2022-07-07,90832000,32912000,"ICEU","B2209",99.71,99.69,99.72
2022-07-07,90833000,32913000,"ICEU","B2209",99.71,99.6999999999999,99.7299999999999
2022-07-07,90834000,32914000,"ICEU","B2209",99.71,99.6999999999999,99.7299999999999
2022-07-07,90835000,32915000,"ICEU","B2209",99.71,99.69,99.72
2022-07-07,90836000,32916000,"ICEU","B2209",99.71,99.69,99.72
2022-07-07,90837000,32917000,"ICEU","B2209",99.71,99.69,99.72
2022-07-07,90838000,32918000,"ICEU","B2209",99.71,99.69,99.72
2022-07-07,90839000,32919000,"ICEU","B2209",99.71,99.69,99.72
2022-07-07,90840000,32920000,"ICEU","B2209",99.71,99.69,99.71
2022-07-07,90841000,32921000,"ICEU","B2209",99.71,99.66,99.69
2022-07-07,90842000,32922000,"ICEU","B2209",99.71,99.6699999999999,99.69
2022-07-07,90844000,32924000,"ICEU","B2209",99.71,99.6699999999999,99.69
2022-07-07,90845000,32925000,"ICEU","B2209",99.71,99.66,99.69
2022-07-07,90848000,32928000,"ICEU","B2209",99.71,99.66,99.69
2022-07-07,90851000,32931000,"ICEU","B2209",99.71,99.6699999999999,99.69
2022-07-07,90852000,32932000,"ICEU","B2209",99.71,99.6699999999999,99.69
2022-07-07,90854000,32934000,"ICEU","B2209",99.71,99.6499999999999,99.6799999999999
2022-07-07,90855000,32935000,"ICEU","B2209",99.6799999999999,99.69,99.71
2022-07-07,90856000,32936000,"ICEU","B2209",99.6799999999999,99.6799999999999,99.71
2022-07-07,90857000,32937000,"ICEU","B2209",99.6799999999999,99.66,99.69
2022-07-07,90858000,32938000,"ICEU","B2209",99.6799999999999,99.66,99.69
2022-07-07,90859000,32939000,"ICEU","B2209",99.6799999999999,99.6499999999999,99.6799999999999
2022-07-07,90900000,32940000,"ICEU","B2209",99.69,99.6999999999999,99.71
2022-07-07,90901000,32941000,"ICEU","B2209",99.72,99.72,99.7499999999999
2022-07-07,90902000,32942000,"ICEU","B2209",99.74,99.7299999999999,99.7599999999999
2022-07-07,90903000,32943000,"ICEU","B2209",99.7299999999999,99.72,99.74
2022-07-07,90904000,32944000,"ICEU","B2209",99.7299999999999,99.7299999999999,99.7599999999999
2022-07-07,90905000,32945000,"ICEU","B2209",99.7299999999999,99.7599999999999,99.7899999999999
2022-07-07,90906000,32946000,"ICEU","B2209",99.7599999999999,99.7499999999999,99.77
2022-07-07,90907000,32947000,"ICEU","B2209",99.7599999999999,99.7499999999999,99.77
2022-07-07,90908000,32948000,"ICEU","B2209",99.7499999999999,99.72,99.7499999999999
2022-07-07,90909000,32949000,"ICEU","B2209",99.74,99.74,99.7599999999999
2022-07-07,90910000,32950000,"ICEU","B2209",99.74,99.74,99.77
2022-07-07,90911000,32951000,"ICEU","B2209",99.74,99.77,99.8
2022-07-07,90912000,32952000,"ICEU","B2209",99.74,99.74,99.77
2022-07-07,90913000,32953000,"ICEU","B2209",99.74,99.7299999999999,99.7599999999999
2022-07-07,90914000,32954000,"ICEU","B2209",99.74,99.72,99.7499999999999
2022-07-07,90915000,32955000,"ICEU","B2209",99.74,99.7299999999999,99.7599999999999
2022-07-07,90916000,32956000,"ICEU","B2209",99.74,99.7299999999999,99.7599999999999
2022-07-07,90917000,32957000,"ICEU","B2209",99.74,99.6999999999999,99.7299999999999
2022-07-07,90918000,32958000,"ICEU","B2209",99.74,99.6999999999999,99.7299999999999
2022-07-07,90919000,32959000,"ICEU","B2209",99.74,99.69,99.72
2022-07-07,90921000,32961000,"ICEU","B2209",99.74,99.69,99.7299999999999
2022-07-07,90923000,32963000,"ICEU","B2209",99.74,99.69,99.72
2022-07-07,90924000,32964000,"ICEU","B2209",99.74,99.69,99.72
2022-07-07,90927000,32967000,"ICEU","B2209",99.74,99.69,99.7299999999999
2022-07-07,90928000,32968000,"ICEU","B2209",99.74,99.69,99.72
2022-07-07,90929000,32969000,"ICEU","B2209",99.74,99.69,99.71
2022-07-07,90930000,32970000,"ICEU","B2209",99.6799999999999,99.6699999999999,99.69
2022-07-07,90931000,32971000,"ICEU","B2209",99.69,99.6799999999999,99.71
2022-07-07,90932000,32972000,"ICEU","B2209",99.69,99.6799999999999,99.71
2022-07-07,90933000,32973000,"ICEU","B2209",99.74,99.74,99.77
2022-07-07,90934000,32974000,"ICEU","B2209",99.74,99.74,99.77
2022-07-07,90935000,32975000,"ICEU","B2209",99.74,99.7499999999999,99.7799999999999
2022-07-07,90936000,32976000,"ICEU","B2209",99.74,99.7499999999999,99.7799999999999
2022-07-07,90937000,32977000,"ICEU","B2209",99.74,99.7499999999999,99.7799999999999
2022-07-07,90938000,32978000,"ICEU","B2209",99.74,99.7299999999999,99.7599999999999
2022-07-07,90939000,32979000,"ICEU","B2209",99.7299999999999,99.6999999999999,99.74
2022-07-07,90940000,32980000,"ICEU","B2209",99.7299999999999,99.6999999999999,99.7299999999999
2022-07-07,90941000,32981000,"ICEU","B2209",99.7299999999999,99.6999999999999,99.72
2022-07-07,90942000,32982000,"ICEU","B2209",99.7299999999999,99.6799999999999,99.71
2022-07-07,90943000,32983000,"ICEU","B2209",99.7299999999999,99.6999999999999,99.74
2022-07-07,90944000,32984000,"ICEU","B2209",99.7299999999999,99.71,99.74
2022-07-07,90945000,32985000,"ICEU","B2209",99.7299999999999,99.71,99.7499999999999
2022-07-07,90946000,32986000,"ICEU","B2209",99.7299999999999,99.71,99.74
2022-07-07,90947000,32987000,"ICEU","B2209",99.7299999999999,99.6999999999999,99.7299999999999
2022-07-07,90949000,32989000,"ICEU","B2209",99.7299999999999,99.6999999999999,99.7299999999999
2022-07-07,90951000,32991000,"ICEU","B2209",99.7299999999999,99.69,99.72
2022-07-07,90952000,32992000,"ICEU","B2209",99.7299999999999,99.69,99.72
2022-07-07,90953000,32993000,"ICEU","B2209",99.7299999999999,99.6799999999999,99.71
2022-07-07,90954000,32994000,"ICEU","B2209",99.7299999999999,99.6799999999999,99.72
2022-07-07,90955000,32995000,"ICEU","B2209",99.7299999999999,99.69,99.7299999999999
2022-07-07,90956000,32996000,"ICEU","B2209",99.7299999999999,99.69,99.7299999999999
2022-07-07,90957000,32997000,"ICEU","B2209",99.7299999999999,99.71,99.7499999999999
2022-07-07,90958000,32998000,"ICEU","B2209",99.7299999999999,99.72,99.7599999999999
2022-07-07,9.1e+07,33000000,"ICEU","B2209",99.7299999999999,99.74,99.7799999999999
2022-07-07,91001000,33001000,"ICEU","B2209",99.7299999999999,99.7299999999999,99.74
2022-07-07,91002000,33002000,"ICEU","B2209",99.74,99.7299999999999,99.7599999999999
2022-07-07,91003000,33003000,"ICEU","B2209",99.74,99.71,99.74
2022-07-07,91004000,33004000,"ICEU","B2209",99.7299999999999,99.71,99.74
2022-07-07,91005000,33005000,"ICEU","B2209",99.71,99.6799999999999,99.71
2022-07-07,91006000,33006000,"ICEU","B2209",99.71,99.6699999999999,99.6999999999999
2022-07-07,91007000,33007000,"ICEU","B2209",99.6699999999999,99.6499999999999,99.69
2022-07-07,91008000,33008000,"ICEU","B2209",99.6699999999999,99.66,99.69
2022-07-07,91011000,33011000,"ICEU","B2209",99.6699999999999,99.66,99.69
2022-07-07,91012000,33012000,"ICEU","B2209",99.6699999999999,99.6399999999999,99.6799999999999
2022-07-07,91013000,33013000,"ICEU","B2209",99.6699999999999,99.6499999999999,99.6799999999999
2022-07-07,91014000,33014000,"ICEU","B2209",99.6699999999999,99.6399999999999,99.6799999999999
2022-07-07,91015000,33015000,"ICEU","B2209",99.6699999999999,99.6499999999999,99.69
2022-07-07,91016000,33016000,"ICEU","B2209",99.6699999999999,99.66,99.69
2022-07-07,91018000,33018000,"ICEU","B2209",99.6699999999999,99.6499999999999,99.6799999999999
2022-07-07,91019000,33019000,"ICEU","B2209",99.6699999999999,99.6399999999999,99.6699999999999
2022-07-07,91020000,33020000,"ICEU","B2209",99.6699999999999,99.6399999999999,99.6699999999999
2022-07-07,91021000,33021000,"ICEU","B2209",99.6699999999999,99.6399999999999,99.6699999999999
2022-07-07,91022000,33022000,"ICEU","B2209",99.6699999999999,99.6399999999999,99.6699999999999
2022-07-07,91023000,33023000,"ICEU","B2209",99.6399999999999,99.6199999999999,99.6399999999999
2022-07-07,91024000,33024000,"ICEU","B2209",99.6399999999999,99.6199999999999,99.6499999999999
2022-07-07,91025000,33025000,"ICEU","B2209",99.6399999999999,99.63,99.66
2022-07-07,91026000,33026000,"ICEU","B2209",99.6399999999999,99.6199999999999,99.6499999999999
2022-07-07,91027000,33027000,"ICEU","B2209",99.6399999999999,99.61,99.6499999999999
2022-07-07,91028000,33028000,"ICEU","B2209",99.6399999999999,99.6,99.63
2022-07-07,91029000,33029000,"ICEU","B2209",99.6,99.5899999999999,99.61
2022-07-07,91030000,33030000,"ICEU","B2209",99.5899999999999,99.57,99.5899999999999
2022-07-07,91031000,33031000,"ICEU","B2209",99.5899999999999,99.5599999999999,99.5899999999999
2022-07-07,91033000,33033000,"ICEU","B2209",99.5899999999999,99.5599999999999,99.57
2022-07-07,91034000,33034000,"ICEU","B2209",99.5899999999999,99.57,99.5899999999999
2022-07-07,91035000,33035000,"ICEU","B2209",99.58,99.57,99.58
2022-07-07,91036000,33036000,"ICEU","B2209",99.58,99.57,99.6
2022-07-07,91039000,33039000,"ICEU","B2209",99.58,99.57,99.5899999999999
2022-07-07,91040000,33040000,"ICEU","B2209",99.57,99.5599999999999,99.58
2022-07-07,91041000,33041000,"ICEU","B2209",99.55,99.55,99.58
2022-07-07,91042000,33042000,"ICEU","B2209",99.55,99.55,99.57
2022-07-07,91043000,33043000,"ICEU","B2209",99.5599999999999,99.55,99.57
2022-07-07,91044000,33044000,"ICEU","B2209",99.5599999999999,99.55,99.57
2022-07-07,91045000,33045000,"ICEU","B2209",99.5599999999999,99.55,99.58
2022-07-07,91046000,33046000,"ICEU","B2209",99.57,99.55,99.58
2022-07-07,91047000,33047000,"ICEU","B2209",99.57,99.5599999999999,99.58
2022-07-07,91048000,33048000,"ICEU","B2209",99.58,99.5599999999999,99.5899999999999
2022-07-07,91049000,33049000,"ICEU","B2209",99.58,99.55,99.58
2022-07-07,91050000,33050000,"ICEU","B2209",99.55,99.55,99.5599999999999
2022-07-07,91051000,33051000,"ICEU","B2209",99.5599999999999,99.55,99.57
2022-07-07,91052000,33052000,"ICEU","B2209",99.57,99.55,99.58
2022-07-07,91053000,33053000,"ICEU","B2209",99.5599999999999,99.55,99.57
2022-07-07,91054000,33054000,"ICEU","B2209",99.5099999999999,99.5,99.5299999999999
2022-07-07,91055000,33055000,"ICEU","B2209",99.5299999999999,99.5299999999999,99.55
2022-07-07,91056000,33056000,"ICEU","B2209",99.5,99.5,99.5299999999999
2022-07-07,91057000,33057000,"ICEU","B2209",99.5099999999999,99.5,99.52
2022-07-07,91058000,33058000,"ICEU","B2209",99.5,99.5099999999999,99.5399999999999
2022-07-07,91059000,33059000,"ICEU","B2209",99.52,99.5,99.5299999999999
2022-07-07,91100000,33060000,"ICEU","B2209",99.5099999999999,99.5,99.52
2022-07-07,91101000,33061000,"ICEU","B2209",99.5,99.5,99.52
2022-07-07,91102000,33062000,"ICEU","B2209",99.5299999999999,99.52,99.55
2022-07-07,91103000,33063000,"ICEU","B2209",99.55,99.5399999999999,99.5599999999999
2022-07-07,91104000,33064000,"ICEU","B2209",99.55,99.5299999999999,99.5599999999999
2022-07-07,91105000,33065000,"ICEU","B2209",99.5299999999999,99.5299999999999,99.5599999999999
2022-07-07,91106000,33066000,"ICEU","B2209",99.5299999999999,99.5299999999999,99.55
2022-07-07,91107000,33067000,"ICEU","B2209",99.5299999999999,99.5299999999999,99.55
2022-07-07,91108000,33068000,"ICEU","B2209",99.57,99.58,99.61
2022-07-07,91109000,33069000,"ICEU","B2209",99.57,99.5599999999999,99.5899999999999
2022-07-07,91110000,33070000,"ICEU","B2209",99.5599999999999,99.55,99.58
2022-07-07,91112000,33072000,"ICEU","B2209",99.5599999999999,99.55,99.58
2022-07-07,91113000,33073000,"ICEU","B2209",99.5599999999999,99.55,99.58
2022-07-07,91114000,33074000,"ICEU","B2209",99.5599999999999,99.55,99.58
2022-07-07,91115000,33075000,"ICEU","B2209",99.57,99.5599999999999,99.5899999999999
2022-07-07,91116000,33076000,"ICEU","B2209",99.57,99.5599999999999,99.5899999999999
2022-07-07,91117000,33077000,"ICEU","B2209",99.57,99.5599999999999,99.5899999999999
2022-07-07,91120000,33080000,"ICEU","B2209",99.5399999999999,99.5299999999999,99.55
2022-07-07,91122000,33082000,"ICEU","B2209",99.5399999999999,99.5299999999999,99.55
2022-07-07,91123000,33083000,"ICEU","B2209",99.5599999999999,99.57,99.6
2022-07-07,91124000,33084000,"ICEU","B2209",99.58,99.58,99.6
2022-07-07,91125000,33085000,"ICEU","B2209",99.58,99.57,99.5899999999999
2022-07-07,91127000,33087000,"ICEU","B2209",99.57,99.55,99.58
2022-07-07,91128000,33088000,"ICEU","B2209",99.57,99.55,99.58
2022-07-07,91129000,33089000,"ICEU","B2209",99.57,99.55,99.58
2022-07-07,91130000,33090000,"ICEU","B2209",99.57,99.55,99.58
2022-07-07,91131000,33091000,"ICEU","B2209",99.57,99.55,99.58
2022-07-07,91132000,33092000,"ICEU","B2209",99.57,99.55,99.58
2022-07-07,91133000,33093000,"ICEU","B2209",99.57,99.55,99.58
2022-07-07,91134000,33094000,"ICEU","B2209",99.57,99.55,99.58
2022-07-07,91135000,33095000,"ICEU","B2209",99.57,99.5399999999999,99.57
2022-07-07,91136000,33096000,"ICEU","B2209",99.57,99.5399999999999,99.5599999999999
2022-07-07,91137000,33097000,"ICEU","B2209",99.57,99.55,99.58
2022-07-07,91138000,33098000,"ICEU","B2209",99.5399999999999,99.5299999999999,99.55
2022-07-07,91139000,33099000,"ICEU","B2209",99.55,99.5299999999999,99.55
2022-07-07,91140000,33100000,"ICEU","B2209",99.52,99.5099999999999,99.5299999999999
2022-07-07,91141000,33101000,"ICEU","B2209",99.52,99.5099999999999,99.5299999999999
2022-07-07,91142000,33102000,"ICEU","B2209",99.52,99.5099999999999,99.5399999999999
2022-07-07,91145000,33105000,"ICEU","B2209",99.52,99.5099999999999,99.5399999999999
2022-07-07,91146000,33106000,"ICEU","B2209",99.52,99.52,99.5299999999999
2022-07-07,91147000,33107000,"ICEU","B2209",99.52,99.5,99.5299999999999
2022-07-07,91148000,33108000,"ICEU","B2209",99.52,99.5,99.52
2022-07-07,91149000,33109000,"ICEU","B2209",99.5399999999999,99.5,99.5299999999999
2022-07-07,91150000,33110000,"ICEU","B2209",99.5399999999999,99.5,99.5299999999999
2022-07-07,91151000,33111000,"ICEU","B2209",99.5399999999999,99.5099999999999,99.5399999999999
2022-07-07,91154000,33114000,"ICEU","B2209",99.5099999999999,99.5,99.5299999999999
2022-07-07,91156000,33116000,"ICEU","B2209",99.5299999999999,99.5299999999999,99.55
2022-07-07,91158000,33118000,"ICEU","B2209",99.5299999999999,99.5299999999999,99.55
2022-07-07,91159000,33119000,"ICEU","B2209",99.5299999999999,99.5299999999999,99.55
2022-07-07,91200000,33120000,"ICEU","B2209",99.5299999999999,99.5299999999999,99.55
2022-07-07,91201000,33121000,"ICEU","B2209",99.55,99.57,99.6
2022-07-07,91202000,33122000,"ICEU","B2209",99.5899999999999,99.6,99.63
2022-07-07,91203000,33123000,"ICEU","B2209",99.5899999999999,99.5899999999999,99.63
2022-07-07,91204000,33124000,"ICEU","B2209",99.6,99.58,99.61
2022-07-07,91205000,33125000,"ICEU","B2209",99.6,99.58,99.6
2022-07-07,91206000,33126000,"ICEU","B2209",99.6,99.58,99.6
2022-07-07,91207000,33127000,"ICEU","B2209",99.6,99.58,99.6
2022-07-07,91208000,33128000,"ICEU","B2209",99.6,99.58,99.6
2022-07-07,91209000,33129000,"ICEU","B2209",99.6,99.58,99.6
2022-07-07,91210000,33130000,"ICEU","B2209",99.58,99.5399999999999,99.5599999999999
2022-07-07,91211000,33131000,"ICEU","B2209",99.58,99.55,99.5599999999999
2022-07-07,91212000,33132000,"ICEU","B2209",99.5599999999999,99.55,99.58
2022-07-07,91214000,33134000,"ICEU","B2209",99.5599999999999,99.5599999999999,99.5899999999999
2022-07-07,91216000,33136000,"ICEU","B2209",99.5599999999999,99.55,99.58
2022-07-07,91217000,33137000,"ICEU","B2209",99.5599999999999,99.55,99.58
2022-07-07,91218000,33138000,"ICEU","B2209",99.5599999999999,99.5399999999999,99.5599999999999
2022-07-07,91219000,33139000,"ICEU","B2209",99.5599999999999,99.5299999999999,99.55
2022-07-07,91220000,33140000,"ICEU","B2209",99.55,99.5399999999999,99.5599999999999
2022-07-07,91221000,33141000,"ICEU","B2209",99.55,99.5399999999999,99.5599999999999
2022-07-07,91222000,33142000,"ICEU","B2209",99.5399999999999,99.5299999999999,99.5599999999999
2022-07-07,91223000,33143000,"ICEU","B2209",99.5399999999999,99.5299999999999,99.55
2022-07-07,91225000,33145000,"ICEU","B2209",99.5399999999999,99.5299999999999,99.55
2022-07-07,91226000,33146000,"ICEU","B2209",99.5399999999999,99.52,99.55
2022-07-07,91227000,33147000,"ICEU","B2209",99.5399999999999,99.5299999999999,99.55
2022-07-07,91228000,33148000,"ICEU","B2209",99.5399999999999,99.55,99.57
2022-07-07,91229000,33149000,"ICEU","B2209",99.5399999999999,99.55,99.57
2022-07-07,91231000,33151000,"ICEU","B2209",99.5599999999999,99.5599999999999,99.5899999999999
2022-07-07,91232000,33152000,"ICEU","B2209",99.5599999999999,99.5399999999999,99.57
2022-07-07,91233000,33153000,"ICEU","B2209",99.5599999999999,99.55,99.57
2022-07-07,91234000,33154000,"ICEU","B2209",99.5599999999999,99.5599999999999,99.58
2022-07-07,91235000,33155000,"ICEU","B2209",99.5599999999999,99.5599999999999,99.57
2022-07-07,91236000,33156000,"ICEU","B2209",99.57,99.55,99.58
2022-07-07,91237000,33157000,"ICEU","B2209",99.57,99.55,99.58
2022-07-07,91240000,33160000,"ICEU","B2209",99.57,99.55,99.58
2022-07-07,91241000,33161000,"ICEU","B2209",99.58,99.5599999999999,99.5899999999999
2022-07-07,91242000,33162000,"ICEU","B2209",99.58,99.5599999999999,99.5899999999999
2022-07-07,91243000,33163000,"ICEU","B2209",99.58,99.5599999999999,99.5899999999999
2022-07-07,91244000,33164000,"ICEU","B2209",99.5899999999999,99.57,99.6
2022-07-07,91245000,33165000,"ICEU","B2209",99.6199999999999,99.6199999999999,99.6499999999999
2022-07-07,91247000,33167000,"ICEU","B2209",99.6199999999999,99.6199999999999,99.6399999999999
2022-07-07,91248000,33168000,"ICEU","B2209",99.6199999999999,99.6199999999999,99.6399999999999
2022-07-07,91249000,33169000,"ICEU","B2209",99.6199999999999,99.6199999999999,99.6399999999999
2022-07-07,91250000,33170000,"ICEU","B2209",99.6199999999999,99.6199999999999,99.6399999999999
2022-07-07,91251000,33171000,"ICEU","B2209",99.6199999999999,99.6199999999999,99.6499999999999
2022-07-07,91253000,33173000,"ICEU","B2209",99.6199999999999,99.63,99.6499999999999
2022-07-07,91254000,33174000,"ICEU","B2209",99.63,99.61,99.63
2022-07-07,91256000,33176000,"ICEU","B2209",99.63,99.6199999999999,99.6499999999999
2022-07-07,91259000,33179000,"ICEU","B2209",99.63,99.6199999999999,99.6499999999999
2022-07-07,91300000,33180000,"ICEU","B2209",99.6499999999999,99.6399999999999,99.6699999999999
2022-07-07,91301000,33181000,"ICEU","B2209",99.6499999999999,99.6499999999999,99.6699999999999
2022-07-07,91302000,33182000,"ICEU","B2209",99.6499999999999,99.63,99.6499999999999
2022-07-07,91303000,33183000,"ICEU","B2209",99.6999999999999,99.6999999999999,99.7299999999999
2022-07-07,91304000,33184000,"ICEU","B2209",99.6999999999999,99.69,99.72
2022-07-07,91305000,33185000,"ICEU","B2209",99.6999999999999,99.69,99.72
2022-07-07,91306000,33186000,"ICEU","B2209",99.69,99.6799999999999,99.6999999999999
2022-07-07,91307000,33187000,"ICEU","B2209",99.69,99.66,99.69
2022-07-07,91308000,33188000,"ICEU","B2209",99.69,99.69,99.72
2022-07-07,91309000,33189000,"ICEU","B2209",99.69,99.69,99.7299999999999
2022-07-07,91310000,33190000,"ICEU","B2209",99.69,99.7299999999999,99.7599999999999
2022-07-07,91311000,33191000,"ICEU","B2209",99.74,99.71,99.74
2022-07-07,91312000,33192000,"ICEU","B2209",99.74,99.72,99.7499999999999
2022-07-07,91313000,33193000,"ICEU","B2209",99.74,99.72,99.7499999999999
2022-07-07,91314000,33194000,"ICEU","B2209",99.74,99.71,99.7499999999999
2022-07-07,91315000,33195000,"ICEU","B2209",99.74,99.71,99.74
2022-07-07,91317000,33197000,"ICEU","B2209",99.74,99.71,99.74
2022-07-07,91318000,33198000,"ICEU","B2209",99.74,99.71,99.74
2022-07-07,91320000,33200000,"ICEU","B2209",99.74,99.7299999999999,99.7599999999999
2022-07-07,91321000,33201000,"ICEU","B2209",99.74,99.72,99.7499999999999
2022-07-07,91322000,33202000,"ICEU","B2209",99.74,99.71,99.7499999999999
2022-07-07,91323000,33203000,"ICEU","B2209",99.74,99.71,99.7299999999999
2022-07-07,91324000,33204000,"ICEU","B2209",99.66,99.6399999999999,99.66
2022-07-07,91325000,33205000,"ICEU","B2209",99.66,99.6399999999999,99.6699999999999
2022-07-07,91326000,33206000,"ICEU","B2209",99.63,99.6399999999999,99.6499999999999
2022-07-07,91327000,33207000,"ICEU","B2209",99.6699999999999,99.6799999999999,99.71
2022-07-07,91328000,33208000,"ICEU","B2209",99.71,99.6799999999999,99.72
2022-07-07,91329000,33209000,"ICEU","B2209",99.71,99.6999999999999,99.7299999999999
2022-07-07,91330000,33210000,"ICEU","B2209",99.6699999999999,99.6499999999999,99.6799999999999
2022-07-07,91331000,33211000,"ICEU","B2209",99.6699999999999,99.63,99.66
