"InternalDate","Time","InternalTime","Exchange","Symbol","LastPrice","BidPrice1","AskPrice1"
2022-07-04,83006000,30606000,"ICEU","B2209",111.2,111.22,111.26
2022-07-04,83008000,30608000,"ICEU","B2209",111.2,111.22,111.26
2022-07-04,83009000,30609000,"ICEU","B2209",111.2,111.22,111.26
2022-07-04,83010000,30610000,"ICEU","B2209",111.2,111.22,111.26
2022-07-04,83011000,30611000,"ICEU","B2209",111.2,111.22,111.27
2022-07-04,83012000,30612000,"ICEU","B2209",111.2,111.22,111.27
2022-07-04,83013000,30613000,"ICEU","B2209",111.2,111.22,111.26
2022-07-04,83014000,30614000,"ICEU","B2209",111.2,111.22,111.26
2022-07-04,83016000,30616000,"ICEU","B2209",111.2,111.22,111.26
2022-07-04,83017000,30617000,"ICEU","B2209",111.2,111.22,111.26
2022-07-04,83019000,30619000,"ICEU","B2209",111.2,111.22,111.27
2022-07-04,83023000,30623000,"ICEU","B2209",111.2,111.22,111.27
2022-07-04,83026000,30626000,"ICEU","B2209",111.2,111.24,111.28
2022-07-04,83027000,30627000,"ICEU","B2209",111.2,111.24,111.28
2022-07-04,83028000,30628000,"ICEU","B2209",111.2,111.24,111.29
2022-07-04,83029000,30629000,"ICEU","B2209",111.2,111.24,111.29
2022-07-04,83030000,30630000,"ICEU","B2209",111.2,111.25,111.29
2022-07-04,83031000,30631000,"ICEU","B2209",111.2,111.25,111.29
2022-07-04,83032000,30632000,"ICEU","B2209",111.2,111.25,111.29
2022-07-04,83034000,30634000,"ICEU","B2209",111.2,111.25,111.29
2022-07-04,83038000,30638000,"ICEU","B2209",111.2,111.25,111.28
2022-07-04,83042000,30642000,"ICEU","B2209",111.2,111.25,111.29
2022-07-04,83044000,30644000,"ICEU","B2209",111.2,111.25,111.29
2022-07-04,83045000,30645000,"ICEU","B2209",111.2,111.25,111.29
2022-07-04,83046000,30646000,"ICEU","B2209",111.2,111.25,111.29
2022-07-04,83048000,30648000,"ICEU","B2209",111.2,111.25,111.29
2022-07-04,83049000,30649000,"ICEU","B2209",111.2,111.25,111.29
2022-07-04,83052000,30652000,"ICEU","B2209",111.2,111.25,111.28
2022-07-04,83053000,30653000,"ICEU","B2209",111.2,111.25,111.28
2022-07-04,83100000,30660000,"ICEU","B2209",111.2,111.25,111.28
2022-07-04,83101000,30661000,"ICEU","B2209",111.2,111.25,111.28
2022-07-04,83102000,30662000,"ICEU","B2209",111.2,111.25,111.28
2022-07-04,83103000,30663000,"ICEU","B2209",111.2,111.24,111.26
2022-07-04,83105000,30665000,"ICEU","B2209",111.2,111.24,111.26
2022-07-04,83114000,30674000,"ICEU","B2209",111.2,111.24,111.26
2022-07-04,83115000,30675000,"ICEU","B2209",111.2,111.24,111.26
2022-07-04,83116000,30676000,"ICEU","B2209",111.2,111.24,111.26
2022-07-04,83117000,30677000,"ICEU","B2209",111.2,111.24,111.26
2022-07-04,83119000,30679000,"ICEU","B2209",111.2,111.24,111.26
2022-07-04,83120000,30680000,"ICEU","B2209",111.2,111.24,111.26
2022-07-04,83126000,30686000,"ICEU","B2209",111.2,111.23,111.26
2022-07-04,83127000,30687000,"ICEU","B2209",111.2,111.23,111.26
2022-07-04,83129000,30689000,"ICEU","B2209",111.2,111.23,111.26
2022-07-04,83130000,30690000,"ICEU","B2209",111.23,111.23,111.26
2022-07-04,83133000,30693000,"ICEU","B2209",111.23,111.22,111.26
2022-07-04,83136000,30696000,"ICEU","B2209",111.23,111.22,111.26
2022-07-04,83137000,30697000,"ICEU","B2209",111.23,111.22,111.26
2022-07-04,83138000,30698000,"ICEU","B2209",111.21,111.2,111.23
2022-07-04,83141000,30701000,"ICEU","B2209",111.21,111.2,111.23
2022-07-04,83143000,30703000,"ICEU","B2209",111.21,111.2,111.23
2022-07-04,83145000,30705000,"ICEU","B2209",111.21,111.2,111.23
2022-07-04,83148000,30708000,"ICEU","B2209",111.21,111.2,111.23
2022-07-04,83149000,30709000,"ICEU","B2209",111.21,111.2,111.23
2022-07-04,83150000,30710000,"ICEU","B2209",111.2,111.18,111.21
2022-07-04,83151000,30711000,"ICEU","B2209",111.2,111.17,111.2
2022-07-04,83152000,30712000,"ICEU","B2209",111.2,111.16,111.2
2022-07-04,83154000,30714000,"ICEU","B2209",111.2,111.16,111.2
2022-07-04,83155000,30715000,"ICEU","B2209",111.2,111.16,111.2
2022-07-04,83159000,30719000,"ICEU","B2209",111.16,111.15,111.19
2022-07-04,83200000,30720000,"ICEU","B2209",111.16,111.15,111.19
2022-07-04,83201000,30721000,"ICEU","B2209",111.16,111.15,111.19
2022-07-04,83202000,30722000,"ICEU","B2209",111.16,111.15,111.19
2022-07-04,83204000,30724000,"ICEU","B2209",111.19,111.18,111.21
2022-07-04,83205000,30725000,"ICEU","B2209",111.19,111.17,111.21
2022-07-04,83206000,30726000,"ICEU","B2209",111.19,111.16,111.2
2022-07-04,83207000,30727000,"ICEU","B2209",111.19,111.16,111.2
2022-07-04,83208000,30728000,"ICEU","B2209",111.19,111.16,111.2
2022-07-04,83209000,30729000,"ICEU","B2209",111.19,111.16,111.2
2022-07-04,83218000,30738000,"ICEU","B2209",111.19,111.16,111.2
2022-07-04,83219000,30739000,"ICEU","B2209",111.19,111.17,111.2
2022-07-04,83220000,30740000,"ICEU","B2209",111.19,111.18,111.21
2022-07-04,83221000,30741000,"ICEU","B2209",111.19,111.18,111.21
2022-07-04,83222000,30742000,"ICEU","B2209",111.19,111.18,111.21
2022-07-04,83224000,30744000,"ICEU","B2209",111.19,111.18,111.21
2022-07-04,83225000,30745000,"ICEU","B2209",111.19,111.18,111.21
2022-07-04,83226000,30746000,"ICEU","B2209",111.19,111.18,111.21
2022-07-04,83228000,30748000,"ICEU","B2209",111.19,111.18,111.21
2022-07-04,83231000,30751000,"ICEU","B2209",111.19,111.18,111.21
2022-07-04,83237000,30757000,"ICEU","B2209",111.19,111.18,111.21
2022-07-04,83242000,30762000,"ICEU","B2209",111.19,111.18,111.21
2022-07-04,83244000,30764000,"ICEU","B2209",111.19,111.18,111.21
2022-07-04,83245000,30765000,"ICEU","B2209",111.19,111.17,111.2
2022-07-04,83246000,30766000,"ICEU","B2209",111.19,111.17,111.2
2022-07-04,83247000,30767000,"ICEU","B2209",111.19,111.17,111.2
2022-07-04,83248000,30768000,"ICEU","B2209",111.19,111.17,111.21
2022-07-04,83251000,30771000,"ICEU","B2209",111.19,111.17,111.2
2022-07-04,83253000,30773000,"ICEU","B2209",111.19,111.16,111.19
2022-07-04,83254000,30774000,"ICEU","B2209",111.19,111.16,111.19
2022-07-04,83257000,30777000,"ICEU","B2209",111.19,111.16,111.19
2022-07-04,83258000,30778000,"ICEU","B2209",111.19,111.16,111.19
2022-07-04,83300000,30780000,"ICEU","B2209",111.19,111.16,111.19
2022-07-04,83302000,30782000,"ICEU","B2209",111.19,111.16,111.19
2022-07-04,83305000,30785000,"ICEU","B2209",111.19,111.16,111.19
2022-07-04,83306000,30786000,"ICEU","B2209",111.19,111.16,111.19
2022-07-04,83307000,30787000,"ICEU","B2209",111.19,111.16,111.19
2022-07-04,83313000,30793000,"ICEU","B2209",111.19,111.16,111.19
2022-07-04,83314000,30794000,"ICEU","B2209",111.19,111.16,111.19
2022-07-04,83317000,30797000,"ICEU","B2209",111.19,111.16,111.19
2022-07-04,83321000,30801000,"ICEU","B2209",111.19,111.17,111.2
2022-07-04,83325000,30805000,"ICEU","B2209",111.19,111.16,111.19
2022-07-04,83326000,30806000,"ICEU","B2209",111.19,111.16,111.19
2022-07-04,83328000,30808000,"ICEU","B2209",111.19,111.16,111.19
2022-07-04,83339000,30819000,"ICEU","B2209",111.19,111.16,111.19
2022-07-04,83340000,30820000,"ICEU","B2209",111.19,111.16,111.19
2022-07-04,83341000,30821000,"ICEU","B2209",111.19,111.16,111.19
2022-07-04,83344000,30824000,"ICEU","B2209",111.19,111.16,111.19
2022-07-04,83347000,30827000,"ICEU","B2209",111.19,111.17,111.21
2022-07-04,83348000,30828000,"ICEU","B2209",111.19,111.17,111.21
2022-07-04,83349000,30829000,"ICEU","B2209",111.19,111.17,111.21
2022-07-04,83352000,30832000,"ICEU","B2209",111.19,111.17,111.21
2022-07-04,83354000,30834000,"ICEU","B2209",111.19,111.18,111.21
2022-07-04,83355000,30835000,"ICEU","B2209",111.19,111.18,111.21
2022-07-04,83356000,30836000,"ICEU","B2209",111.19,111.17,111.2
2022-07-04,83357000,30837000,"ICEU","B2209",111.19,111.17,111.2
2022-07-04,83359000,30839000,"ICEU","B2209",111.19,111.16,111.2
2022-07-04,83400000,30840000,"ICEU","B2209",111.19,111.18,111.21
2022-07-04,83402000,30842000,"ICEU","B2209",111.19,111.17,111.2
2022-07-04,83403000,30843000,"ICEU","B2209",111.19,111.17,111.2
2022-07-04,83404000,30844000,"ICEU","B2209",111.19,111.17,111.2
2022-07-04,83405000,30845000,"ICEU","B2209",111.19,111.17,111.2
2022-07-04,83407000,30847000,"ICEU","B2209",111.19,111.18,111.21
2022-07-04,83408000,30848000,"ICEU","B2209",111.19,111.18,111.21
2022-07-04,83410000,30850000,"ICEU","B2209",111.19,111.18,111.21
2022-07-04,83413000,30853000,"ICEU","B2209",111.19,111.18,111.21
2022-07-04,83414000,30854000,"ICEU","B2209",111.19,111.18,111.21
2022-07-04,83415000,30855000,"ICEU","B2209",111.19,111.2,111.23
2022-07-04,83417000,30857000,"ICEU","B2209",111.19,111.19,111.23
2022-07-04,83418000,30858000,"ICEU","B2209",111.19,111.19,111.23
2022-07-04,83420000,30860000,"ICEU","B2209",111.19,111.19,111.22
2022-07-04,83422000,30862000,"ICEU","B2209",111.19,111.2,111.24
2022-07-04,83424000,30864000,"ICEU","B2209",111.19,111.21,111.25
2022-07-04,83426000,30866000,"ICEU","B2209",111.19,111.21,111.24
2022-07-04,83433000,30873000,"ICEU","B2209",111.19,111.21,111.24
2022-07-04,83436000,30876000,"ICEU","B2209",111.19,111.21,111.24
2022-07-04,83440000,30880000,"ICEU","B2209",111.19,111.2,111.24
2022-07-04,83443000,30883000,"ICEU","B2209",111.19,111.2,111.24
2022-07-04,83444000,30884000,"ICEU","B2209",111.19,111.2,111.24
2022-07-04,83445000,30885000,"ICEU","B2209",111.19,111.2,111.24
2022-07-04,83446000,30886000,"ICEU","B2209",111.19,111.2,111.23
2022-07-04,83502000,30902000,"ICEU","B2209",111.19,111.19,111.23
2022-07-04,83504000,30904000,"ICEU","B2209",111.19,111.19,111.23
2022-07-04,83505000,30905000,"ICEU","B2209",111.19,111.19,111.23
2022-07-04,83510000,30910000,"ICEU","B2209",111.19,111.2,111.23
2022-07-04,83511000,30911000,"ICEU","B2209",111.23,111.22,111.25
2022-07-04,83512000,30912000,"ICEU","B2209",111.23,111.22,111.25
2022-07-04,83513000,30913000,"ICEU","B2209",111.23,111.22,111.25
2022-07-04,83514000,30914000,"ICEU","B2209",111.23,111.23,111.26
2022-07-04,83515000,30915000,"ICEU","B2209",111.23,111.22,111.26
2022-07-04,83516000,30916000,"ICEU","B2209",111.23,111.22,111.26
2022-07-04,83518000,30918000,"ICEU","B2209",111.23,111.22,111.26
2022-07-04,83519000,30919000,"ICEU","B2209",111.23,111.22,111.26
2022-07-04,83528000,30928000,"ICEU","B2209",111.23,111.22,111.26
2022-07-04,83529000,30929000,"ICEU","B2209",111.23,111.21,111.25
2022-07-04,83530000,30930000,"ICEU","B2209",111.23,111.21,111.24
2022-07-04,83531000,30931000,"ICEU","B2209",111.23,111.23,111.26
2022-07-04,83532000,30932000,"ICEU","B2209",111.23,111.23,111.26
2022-07-04,83540000,30940000,"ICEU","B2209",111.23,111.23,111.26
2022-07-04,83541000,30941000,"ICEU","B2209",111.23,111.22,111.26
2022-07-04,83543000,30943000,"ICEU","B2209",111.23,111.22,111.26
2022-07-04,83547000,30947000,"ICEU","B2209",111.23,111.22,111.26
2022-07-04,83548000,30948000,"ICEU","B2209",111.23,111.22,111.25
2022-07-04,83551000,30951000,"ICEU","B2209",111.23,111.22,111.24
2022-07-04,83554000,30954000,"ICEU","B2209",111.23,111.21,111.24
2022-07-04,83555000,30955000,"ICEU","B2209",111.23,111.21,111.24
2022-07-04,83602000,30962000,"ICEU","B2209",111.23,111.21,111.24
2022-07-04,83605000,30965000,"ICEU","B2209",111.23,111.21,111.24
2022-07-04,83607000,30967000,"ICEU","B2209",111.23,111.21,111.24
2022-07-04,83608000,30968000,"ICEU","B2209",111.23,111.21,111.24
2022-07-04,83609000,30969000,"ICEU","B2209",111.23,111.21,111.24
2022-07-04,83610000,30970000,"ICEU","B2209",111.21,111.16,111.2
2022-07-04,83611000,30971000,"ICEU","B2209",111.21,111.18,111.2
2022-07-04,83612000,30972000,"ICEU","B2209",111.21,111.18,111.2
2022-07-04,83614000,30974000,"ICEU","B2209",111.21,111.18,111.2
2022-07-04,83615000,30975000,"ICEU","B2209",111.21,111.17,111.2
2022-07-04,83617000,30977000,"ICEU","B2209",111.21,111.17,111.2
2022-07-04,83618000,30978000,"ICEU","B2209",111.21,111.17,111.2
2022-07-04,83619000,30979000,"ICEU","B2209",111.21,111.17,111.2
2022-07-04,83623000,30983000,"ICEU","B2209",111.21,111.17,111.2
2022-07-04,83624000,30984000,"ICEU","B2209",111.21,111.17,111.2
2022-07-04,83625000,30985000,"ICEU","B2209",111.21,111.19,111.22
2022-07-04,83626000,30986000,"ICEU","B2209",111.21,111.19,111.22
2022-07-04,83627000,30987000,"ICEU","B2209",111.21,111.2,111.23
2022-07-04,83628000,30988000,"ICEU","B2209",111.21,111.19,111.22
2022-07-04,83630000,30990000,"ICEU","B2209",111.21,111.19,111.22
2022-07-04,83631000,30991000,"ICEU","B2209",111.21,111.18,111.22
2022-07-04,83632000,30992000,"ICEU","B2209",111.21,111.16,111.19
2022-07-04,83634000,30994000,"ICEU","B2209",111.21,111.16,111.19
2022-07-04,83635000,30995000,"ICEU","B2209",111.21,111.17,111.2
2022-07-04,83636000,30996000,"ICEU","B2209",111.21,111.17,111.2
2022-07-04,83637000,30997000,"ICEU","B2209",111.21,111.17,111.2
2022-07-04,83638000,30998000,"ICEU","B2209",111.21,111.17,111.2
2022-07-04,83640000,31000000,"ICEU","B2209",111.21,111.17,111.2
2022-07-04,83642000,31002000,"ICEU","B2209",111.21,111.16,111.2
2022-07-04,83643000,31003000,"ICEU","B2209",111.21,111.16,111.2
2022-07-04,83644000,31004000,"ICEU","B2209",111.21,111.16,111.2
2022-07-04,83645000,31005000,"ICEU","B2209",111.21,111.18,111.22
2022-07-04,83646000,31006000,"ICEU","B2209",111.21,111.18,111.22
2022-07-04,83647000,31007000,"ICEU","B2209",111.21,111.18,111.22
2022-07-04,83648000,31008000,"ICEU","B2209",111.21,111.18,111.21
2022-07-04,83650000,31010000,"ICEU","B2209",111.21,111.18,111.21
2022-07-04,83658000,31018000,"ICEU","B2209",111.21,111.18,111.21
2022-07-04,83659000,31019000,"ICEU","B2209",111.21,111.19,111.23
2022-07-04,83700000,31020000,"ICEU","B2209",111.21,111.19,111.23
2022-07-04,83701000,31021000,"ICEU","B2209",111.21,111.18,111.22
2022-07-04,83702000,31022000,"ICEU","B2209",111.21,111.18,111.22
2022-07-04,83703000,31023000,"ICEU","B2209",111.21,111.18,111.22
2022-07-04,83704000,31024000,"ICEU","B2209",111.21,111.17,111.21
2022-07-04,83705000,31025000,"ICEU","B2209",111.21,111.17,111.21
2022-07-04,83706000,31026000,"ICEU","B2209",111.21,111.17,111.21
2022-07-04,83711000,31031000,"ICEU","B2209",111.21,111.17,111.21
2022-07-04,83714000,31034000,"ICEU","B2209",111.21,111.17,111.21
2022-07-04,83715000,31035000,"ICEU","B2209",111.21,111.18,111.21
2022-07-04,83719000,31039000,"ICEU","B2209",111.21,111.18,111.21
2022-07-04,83720000,31040000,"ICEU","B2209",111.21,111.18,111.21
2022-07-04,83721000,31041000,"ICEU","B2209",111.21,111.18,111.21
2022-07-04,83738000,31058000,"ICEU","B2209",111.21,111.18,111.21
2022-07-04,83739000,31059000,"ICEU","B2209",111.21,111.18,111.21
2022-07-04,83744000,31064000,"ICEU","B2209",111.21,111.18,111.21
2022-07-04,83748000,31068000,"ICEU","B2209",111.21,111.18,111.21
2022-07-04,83749000,31069000,"ICEU","B2209",111.21,111.17,111.2
2022-07-04,83753000,31073000,"ICEU","B2209",111.21,111.16,111.19
2022-07-04,83754000,31074000,"ICEU","B2209",111.21,111.16,111.19
2022-07-04,83802000,31082000,"ICEU","B2209",111.21,111.16,111.19
2022-07-04,83811000,31091000,"ICEU","B2209",111.21,111.16,111.19
2022-07-04,83812000,31092000,"ICEU","B2209",111.21,111.17,111.2
2022-07-04,83813000,31093000,"ICEU","B2209",111.21,111.17,111.2
2022-07-04,83815000,31095000,"ICEU","B2209",111.21,111.16,111.19
2022-07-04,83816000,31096000,"ICEU","B2209",111.21,111.15,111.19
2022-07-04,83817000,31097000,"ICEU","B2209",111.21,111.15,111.19
2022-07-04,83823000,31103000,"ICEU","B2209",111.21,111.15,111.19
2022-07-04,83837000,31117000,"ICEU","B2209",111.21,111.15,111.19
2022-07-04,83838000,31118000,"ICEU","B2209",111.21,111.16,111.19
2022-07-04,83841000,31121000,"ICEU","B2209",111.21,111.16,111.19
2022-07-04,83842000,31122000,"ICEU","B2209",111.21,111.16,111.19
2022-07-04,83849000,31129000,"ICEU","B2209",111.21,111.16,111.19
2022-07-04,83850000,31130000,"ICEU","B2209",111.21,111.16,111.19
2022-07-04,83852000,31132000,"ICEU","B2209",111.21,111.16,111.19
2022-07-04,83855000,31135000,"ICEU","B2209",111.21,111.16,111.19
2022-07-04,83857000,31137000,"ICEU","B2209",111.21,111.16,111.19
2022-07-04,83900000,31140000,"ICEU","B2209",111.21,111.16,111.19
2022-07-04,83901000,31141000,"ICEU","B2209",111.21,111.15,111.18
2022-07-04,83902000,31142000,"ICEU","B2209",111.21,111.15,111.18
2022-07-04,83903000,31143000,"ICEU","B2209",111.21,111.15,111.18
2022-07-04,83904000,31144000,"ICEU","B2209",111.21,111.15,111.18
2022-07-04,83905000,31145000,"ICEU","B2209",111.21,111.15,111.18
2022-07-04,83906000,31146000,"ICEU","B2209",111.21,111.15,111.18
2022-07-04,83909000,31149000,"ICEU","B2209",111.21,111.15,111.18
2022-07-04,83922000,31162000,"ICEU","B2209",111.21,111.15,111.18
2022-07-04,83923000,31163000,"ICEU","B2209",111.21,111.13,111.16
2022-07-04,83924000,31164000,"ICEU","B2209",111.21,111.11,111.15
2022-07-04,83925000,31165000,"ICEU","B2209",111.21,111.11,111.15
2022-07-04,83926000,31166000,"ICEU","B2209",111.21,111.11,111.15
2022-07-04,83927000,31167000,"ICEU","B2209",111.21,111.11,111.15
2022-07-04,83933000,31173000,"ICEU","B2209",111.21,111.11,111.15
2022-07-04,83935000,31175000,"ICEU","B2209",111.21,111.11,111.15
2022-07-04,83939000,31179000,"ICEU","B2209",111.21,111.11,111.15
2022-07-04,83941000,31181000,"ICEU","B2209",111.21,111.11,111.15
2022-07-04,83942000,31182000,"ICEU","B2209",111.21,111.12,111.15
2022-07-04,83943000,31183000,"ICEU","B2209",111.21,111.12,111.15
2022-07-04,83950000,31190000,"ICEU","B2209",111.21,111.12,111.15
2022-07-04,83952000,31192000,"ICEU","B2209",111.21,111.12,111.15
2022-07-04,83956000,31196000,"ICEU","B2209",111.21,111.12,111.15
2022-07-04,83957000,31197000,"ICEU","B2209",111.15,111.14,111.17
2022-07-04,83958000,31198000,"ICEU","B2209",111.15,111.14,111.17
2022-07-04,83959000,31199000,"ICEU","B2209",111.15,111.14,111.17
2022-07-04,84009000,31209000,"ICEU","B2209",111.15,111.14,111.16
2022-07-04,84010000,31210000,"ICEU","B2209",111.15,111.12,111.15
2022-07-04,84011000,31211000,"ICEU","B2209",111.15,111.12,111.14
2022-07-04,84012000,31212000,"ICEU","B2209",111.15,111.12,111.14
2022-07-04,84015000,31215000,"ICEU","B2209",111.15,111.12,111.14
2022-07-04,84016000,31216000,"ICEU","B2209",111.15,111.12,111.14
2022-07-04,84018000,31218000,"ICEU","B2209",111.15,111.11,111.14
2022-07-04,84019000,31219000,"ICEU","B2209",111.15,111.11,111.14
2022-07-04,84023000,31223000,"ICEU","B2209",111.15,111.12,111.14
2022-07-04,84024000,31224000,"ICEU","B2209",111.15,111.12,111.14
2022-07-04,84026000,31226000,"ICEU","B2209",111.15,111.12,111.14
2022-07-04,84031000,31231000,"ICEU","B2209",111.15,111.12,111.14
2022-07-04,84033000,31233000,"ICEU","B2209",111.15,111.12,111.14
2022-07-04,84034000,31234000,"ICEU","B2209",111.15,111.12,111.14
2022-07-04,84038000,31238000,"ICEU","B2209",111.15,111.12,111.14
2022-07-04,84041000,31241000,"ICEU","B2209",111.15,111.12,111.14
2022-07-04,84042000,31242000,"ICEU","B2209",111.15,111.12,111.14
2022-07-04,84043000,31243000,"ICEU","B2209",111.15,111.12,111.14
2022-07-04,84044000,31244000,"ICEU","B2209",111.15,111.12,111.14
2022-07-04,84046000,31246000,"ICEU","B2209",111.14,111.13,111.16
2022-07-04,84047000,31247000,"ICEU","B2209",111.14,111.14,111.17
2022-07-04,84050000,31250000,"ICEU","B2209",111.14,111.12,111.15
2022-07-04,84051000,31251000,"ICEU","B2209",111.14,111.12,111.15
2022-07-04,84052000,31252000,"ICEU","B2209",111.14,111.12,111.15
2022-07-04,84055000,31255000,"ICEU","B2209",111.14,111.12,111.15
2022-07-04,84057000,31257000,"ICEU","B2209",111.14,111.12,111.15
2022-07-04,84059000,31259000,"ICEU","B2209",111.14,111.12,111.15
2022-07-04,84102000,31262000,"ICEU","B2209",111.14,111.12,111.15
2022-07-04,84103000,31263000,"ICEU","B2209",111.14,111.12,111.15
2022-07-04,84107000,31267000,"ICEU","B2209",111.14,111.13,111.15
2022-07-04,84108000,31268000,"ICEU","B2209",111.14,111.13,111.15
2022-07-04,84110000,31270000,"ICEU","B2209",111.14,111.13,111.15
2022-07-04,84111000,31271000,"ICEU","B2209",111.14,111.12,111.15
2022-07-04,84114000,31274000,"ICEU","B2209",111.14,111.12,111.15
2022-07-04,84115000,31275000,"ICEU","B2209",111.14,111.12,111.15
2022-07-04,84119000,31279000,"ICEU","B2209",111.14,111.12,111.15
2022-07-04,84120000,31280000,"ICEU","B2209",111.14,111.12,111.15
2022-07-04,84125000,31285000,"ICEU","B2209",111.14,111.12,111.15
2022-07-04,84128000,31288000,"ICEU","B2209",111.14,111.11,111.14
2022-07-04,84129000,31289000,"ICEU","B2209",111.14,111.11,111.14
2022-07-04,84130000,31290000,"ICEU","B2209",111.14,111.1,111.13
2022-07-04,84132000,31292000,"ICEU","B2209",111.14,111.1,111.13
2022-07-04,84135000,31295000,"ICEU","B2209",111.14,111.1,111.13
2022-07-04,84136000,31296000,"ICEU","B2209",111.14,111.1,111.13
2022-07-04,84139000,31299000,"ICEU","B2209",111.14,111.09,111.12
2022-07-04,84140000,31300000,"ICEU","B2209",111.14,111.09,111.12
2022-07-04,84141000,31301000,"ICEU","B2209",111.14,111.09,111.12
2022-07-04,84142000,31302000,"ICEU","B2209",111.14,111.09,111.12
2022-07-04,84143000,31303000,"ICEU","B2209",111.14,111.09,111.11
2022-07-04,84144000,31304000,"ICEU","B2209",111.14,111.08,111.11
2022-07-04,84145000,31305000,"ICEU","B2209",111.14,111.08,111.11
2022-07-04,84147000,31307000,"ICEU","B2209",111.14,111.08,111.11
2022-07-04,84148000,31308000,"ICEU","B2209",111.14,111.09,111.11
2022-07-04,84149000,31309000,"ICEU","B2209",111.14,111.09,111.11
2022-07-04,84150000,31310000,"ICEU","B2209",111.14,111.09,111.11
2022-07-04,84153000,31313000,"ICEU","B2209",111.14,111.09,111.11
2022-07-04,84154000,31314000,"ICEU","B2209",111.07,111.07,111.11
2022-07-04,84155000,31315000,"ICEU","B2209",111.07,111.07,111.11
2022-07-04,84156000,31316000,"ICEU","B2209",111.07,111.07,111.11
2022-07-04,84157000,31317000,"ICEU","B2209",111.07,111.06,111.09
2022-07-04,84158000,31318000,"ICEU","B2209",111.07,111.06,111.09
2022-07-04,84159000,31319000,"ICEU","B2209",111.09,111.08,111.12
2022-07-04,84200000,31320000,"ICEU","B2209",111.09,111.08,111.12
2022-07-04,84201000,31321000,"ICEU","B2209",111.09,111.06,111.1
2022-07-04,84202000,31322000,"ICEU","B2209",111.09,111.06,111.1
2022-07-04,84203000,31323000,"ICEU","B2209",111.09,111.06,111.1
2022-07-04,84204000,31324000,"ICEU","B2209",111.09,111.06,111.1
2022-07-04,84206000,31326000,"ICEU","B2209",111.09,111.06,111.1
2022-07-04,84207000,31327000,"ICEU","B2209",111.09,111.06,111.09
2022-07-04,84208000,31328000,"ICEU","B2209",111.09,111.06,111.09
2022-07-04,84209000,31329000,"ICEU","B2209",111.09,111.06,111.09
2022-07-04,84210000,31330000,"ICEU","B2209",111.09,111.06,111.09
2022-07-04,84212000,31332000,"ICEU","B2209",111.09,111.06,111.09
2022-07-04,84216000,31336000,"ICEU","B2209",111.09,111.05,111.09
2022-07-04,84217000,31337000,"ICEU","B2209",111.09,111.05,111.09
2022-07-04,84218000,31338000,"ICEU","B2209",111.09,111.05,111.09
2022-07-04,84219000,31339000,"ICEU","B2209",111.09,111.07,111.09
2022-07-04,84220000,31340000,"ICEU","B2209",111.09,111.07,111.09
2022-07-04,84221000,31341000,"ICEU","B2209",111.09,111.07,111.09
2022-07-04,84223000,31343000,"ICEU","B2209",111.09,111.07,111.1
2022-07-04,84224000,31344000,"ICEU","B2209",111.09,111.08,111.1
2022-07-04,84226000,31346000,"ICEU","B2209",111.09,111.08,111.1
2022-07-04,84227000,31347000,"ICEU","B2209",111.09,111.08,111.1
2022-07-04,84228000,31348000,"ICEU","B2209",111.09,111.08,111.11
2022-07-04,84231000,31351000,"ICEU","B2209",111.1,111.1,111.12
2022-07-04,84232000,31352000,"ICEU","B2209",111.1,111.09,111.12
2022-07-04,84233000,31353000,"ICEU","B2209",111.1,111.09,111.12
2022-07-04,84234000,31354000,"ICEU","B2209",111.1,111.09,111.12
2022-07-04,84241000,31361000,"ICEU","B2209",111.1,111.1,111.13
2022-07-04,84242000,31362000,"ICEU","B2209",111.1,111.11,111.14
2022-07-04,84243000,31363000,"ICEU","B2209",111.1,111.11,111.14
2022-07-04,84244000,31364000,"ICEU","B2209",111.1,111.11,111.14
2022-07-04,84246000,31366000,"ICEU","B2209",111.1,111.11,111.14
2022-07-04,84247000,31367000,"ICEU","B2209",111.1,111.11,111.13
2022-07-04,84248000,31368000,"ICEU","B2209",111.1,111.11,111.14
2022-07-04,84251000,31371000,"ICEU","B2209",111.1,111.11,111.14
2022-07-04,84252000,31372000,"ICEU","B2209",111.1,111.12,111.15
2022-07-04,84253000,31373000,"ICEU","B2209",111.1,111.12,111.15
2022-07-04,84254000,31374000,"ICEU","B2209",111.1,111.12,111.15
2022-07-04,84259000,31379000,"ICEU","B2209",111.15,111.14,111.17
2022-07-04,84300000,31380000,"ICEU","B2209",111.17,111.19,111.21
2022-07-04,84301000,31381000,"ICEU","B2209",111.17,111.19,111.21
2022-07-04,84302000,31382000,"ICEU","B2209",111.17,111.19,111.21
2022-07-04,84304000,31384000,"ICEU","B2209",111.17,111.18,111.21
2022-07-04,84305000,31385000,"ICEU","B2209",111.17,111.18,111.21
2022-07-04,84306000,31386000,"ICEU","B2209",111.17,111.18,111.21
2022-07-04,84307000,31387000,"ICEU","B2209",111.17,111.19,111.21
2022-07-04,84308000,31388000,"ICEU","B2209",111.17,111.19,111.21
2022-07-04,84309000,31389000,"ICEU","B2209",111.17,111.18,111.21
2022-07-04,84312000,31392000,"ICEU","B2209",111.17,111.19,111.21
2022-07-04,84313000,31393000,"ICEU","B2209",111.17,111.19,111.21
2022-07-04,84315000,31395000,"ICEU","B2209",111.21,111.2,111.23
2022-07-04,84316000,31396000,"ICEU","B2209",111.21,111.2,111.23
2022-07-04,84317000,31397000,"ICEU","B2209",111.21,111.2,111.23
2022-07-04,84319000,31399000,"ICEU","B2209",111.21,111.2,111.23
2022-07-04,84322000,31402000,"ICEU","B2209",111.23,111.22,111.24
2022-07-04,84323000,31403000,"ICEU","B2209",111.23,111.22,111.24
2022-07-04,84324000,31404000,"ICEU","B2209",111.23,111.22,111.24
2022-07-04,84325000,31405000,"ICEU","B2209",111.23,111.23,111.25
2022-07-04,84327000,31407000,"ICEU","B2209",111.23,111.23,111.25
2022-07-04,84328000,31408000,"ICEU","B2209",111.23,111.23,111.25
2022-07-04,84338000,31418000,"ICEU","B2209",111.25,111.24,111.26
2022-07-04,84339000,31419000,"ICEU","B2209",111.25,111.23,111.26
2022-07-04,84340000,31420000,"ICEU","B2209",111.25,111.23,111.27
2022-07-04,84341000,31421000,"ICEU","B2209",111.25,111.23,111.26
2022-07-04,84342000,31422000,"ICEU","B2209",111.25,111.23,111.27
2022-07-04,84343000,31423000,"ICEU","B2209",111.25,111.23,111.27
2022-07-04,84344000,31424000,"ICEU","B2209",111.25,111.22,111.26
2022-07-04,84345000,31425000,"ICEU","B2209",111.25,111.22,111.26
2022-07-04,84350000,31430000,"ICEU","B2209",111.25,111.23,111.26
2022-07-04,84354000,31434000,"ICEU","B2209",111.25,111.23,111.26
2022-07-04,84355000,31435000,"ICEU","B2209",111.25,111.23,111.26
2022-07-04,84356000,31436000,"ICEU","B2209",111.25,111.24,111.26
2022-07-04,84358000,31438000,"ICEU","B2209",111.25,111.24,111.26
2022-07-04,84402000,31442000,"ICEU","B2209",111.25,111.24,111.26
2022-07-04,84403000,31443000,"ICEU","B2209",111.22,111.17,111.2
2022-07-04,84404000,31444000,"ICEU","B2209",111.22,111.17,111.2
2022-07-04,84405000,31445000,"ICEU","B2209",111.22,111.17,111.2
2022-07-04,84406000,31446000,"ICEU","B2209",111.22,111.17,111.2
2022-07-04,84408000,31448000,"ICEU","B2209",111.22,111.17,111.2
2022-07-04,84410000,31450000,"ICEU","B2209",111.22,111.17,111.2
2022-07-04,84411000,31451000,"ICEU","B2209",111.22,111.17,111.2
2022-07-04,84414000,31454000,"ICEU","B2209",111.22,111.17,111.2
2022-07-04,84418000,31458000,"ICEU","B2209",111.22,111.17,111.2
2022-07-04,84426000,31466000,"ICEU","B2209",111.22,111.15,111.18
2022-07-04,84427000,31467000,"ICEU","B2209",111.14,111.13,111.15
2022-07-04,84428000,31468000,"ICEU","B2209",111.15,111.13,111.17
2022-07-04,84430000,31470000,"ICEU","B2209",111.15,111.13,111.17
2022-07-04,84432000,31472000,"ICEU","B2209",111.15,111.13,111.16
2022-07-04,84437000,31477000,"ICEU","B2209",111.15,111.1,111.14
2022-07-04,84438000,31478000,"ICEU","B2209",111.15,111.1,111.14
2022-07-04,84439000,31479000,"ICEU","B2209",111.15,111.11,111.14
2022-07-04,84440000,31480000,"ICEU","B2209",111.15,111.11,111.14
2022-07-04,84441000,31481000,"ICEU","B2209",111.15,111.11,111.14
2022-07-04,84442000,31482000,"ICEU","B2209",111.15,111.11,111.14
2022-07-04,84443000,31483000,"ICEU","B2209",111.15,111.1,111.14
2022-07-04,84444000,31484000,"ICEU","B2209",111.15,111.1,111.13
2022-07-04,84445000,31485000,"ICEU","B2209",111.15,111.09,111.13
2022-07-04,84446000,31486000,"ICEU","B2209",111.15,111.09,111.13
2022-07-04,84447000,31487000,"ICEU","B2209",111.15,111.09,111.13
2022-07-04,84449000,31489000,"ICEU","B2209",111.15,111.09,111.12
2022-07-04,84450000,31490000,"ICEU","B2209",111.15,111.08,111.11
2022-07-04,84451000,31491000,"ICEU","B2209",111.15,111.08,111.11
2022-07-04,84453000,31493000,"ICEU","B2209",111.15,111.08,111.11
2022-07-04,84454000,31494000,"ICEU","B2209",111.15,111.08,111.12
2022-07-04,84455000,31495000,"ICEU","B2209",111.12,111.11,111.13
2022-07-04,84457000,31497000,"ICEU","B2209",111.12,111.11,111.13
2022-07-04,84458000,31498000,"ICEU","B2209",111.12,111.11,111.13
2022-07-04,84500000,31500000,"ICEU","B2209",111.12,111.11,111.13
2022-07-04,84501000,31501000,"ICEU","B2209",111.12,111.1,111.13
2022-07-04,84502000,31502000,"ICEU","B2209",111.12,111.1,111.13
2022-07-04,84503000,31503000,"ICEU","B2209",111.12,111.1,111.13
2022-07-04,84506000,31506000,"ICEU","B2209",111.12,111.11,111.13
2022-07-04,84507000,31507000,"ICEU","B2209",111.12,111.1,111.13
2022-07-04,84508000,31508000,"ICEU","B2209",111.12,111.1,111.13
2022-07-04,84509000,31509000,"ICEU","B2209",111.12,111.1,111.13
2022-07-04,84510000,31510000,"ICEU","B2209",111.12,111.1,111.13
2022-07-04,84511000,31511000,"ICEU","B2209",111.12,111.1,111.13
2022-07-04,84512000,31512000,"ICEU","B2209",111.12,111.1,111.13
2022-07-04,84513000,31513000,"ICEU","B2209",111.12,111.1,111.13
2022-07-04,84518000,31518000,"ICEU","B2209",111.12,111.1,111.13
2022-07-04,84521000,31521000,"ICEU","B2209",111.12,111.1,111.13
2022-07-04,84524000,31524000,"ICEU","B2209",111.12,111.11,111.13
2022-07-04,84527000,31527000,"ICEU","B2209",111.12,111.11,111.13
2022-07-04,84528000,31528000,"ICEU","B2209",111.12,111.11,111.13
2022-07-04,84534000,31534000,"ICEU","B2209",111.12,111.11,111.13
2022-07-04,84536000,31536000,"ICEU","B2209",111.12,111.11,111.13
2022-07-04,84540000,31540000,"ICEU","B2209",111.12,111.11,111.13
2022-07-04,84544000,31544000,"ICEU","B2209",111.12,111.11,111.13
2022-07-04,84548000,31548000,"ICEU","B2209",111.11,111.08,111.13
2022-07-04,84549000,31549000,"ICEU","B2209",111.11,111.07,111.13
2022-07-04,84550000,31550000,"ICEU","B2209",111.11,111.06,111.13
2022-07-04,84552000,31552000,"ICEU","B2209",111.11,111.06,111.1
2022-07-04,84553000,31553000,"ICEU","B2209",111.11,111.06,111.1
2022-07-04,84554000,31554000,"ICEU","B2209",111.11,111.06,111.1
2022-07-04,84555000,31555000,"ICEU","B2209",111.11,111.06,111.1
2022-07-04,84557000,31557000,"ICEU","B2209",111.11,111.06,111.09
2022-07-04,84558000,31558000,"ICEU","B2209",111.11,111.06,111.11
2022-07-04,84559000,31559000,"ICEU","B2209",111.11,111.06,111.1
2022-07-04,84600000,31560000,"ICEU","B2209",111.11,111.06,111.11
2022-07-04,84601000,31561000,"ICEU","B2209",111.11,111.07,111.11
2022-07-04,84602000,31562000,"ICEU","B2209",111.11,111.06,111.11
2022-07-04,84604000,31564000,"ICEU","B2209",111.11,111.06,111.1
2022-07-04,84605000,31565000,"ICEU","B2209",111.11,111.06,111.1
2022-07-04,84606000,31566000,"ICEU","B2209",111.11,111.07,111.1
2022-07-04,84607000,31567000,"ICEU","B2209",111.11,111.07,111.1
2022-07-04,84608000,31568000,"ICEU","B2209",111.11,111.07,111.1
2022-07-04,84609000,31569000,"ICEU","B2209",111.11,111.07,111.1
2022-07-04,84611000,31571000,"ICEU","B2209",111.11,111.06,111.1
2022-07-04,84613000,31573000,"ICEU","B2209",111.11,111.06,111.1
2022-07-04,84617000,31577000,"ICEU","B2209",111.11,111.07,111.1
2022-07-04,84620000,31580000,"ICEU","B2209",111.11,111.07,111.1
2022-07-04,84623000,31583000,"ICEU","B2209",111.11,111.07,111.1
2022-07-04,84624000,31584000,"ICEU","B2209",111.11,111.07,111.1
2022-07-04,84625000,31585000,"ICEU","B2209",111.11,111.08,111.1
2022-07-04,84626000,31586000,"ICEU","B2209",111.1,111.1,111.13
2022-07-04,84627000,31587000,"ICEU","B2209",111.1,111.11,111.13
2022-07-04,84628000,31588000,"ICEU","B2209",111.1,111.11,111.13
2022-07-04,84629000,31589000,"ICEU","B2209",111.1,111.11,111.13
2022-07-04,84630000,31590000,"ICEU","B2209",111.1,111.1,111.13
2022-07-04,84631000,31591000,"ICEU","B2209",111.1,111.11,111.13
2022-07-04,84633000,31593000,"ICEU","B2209",111.1,111.11,111.13
2022-07-04,84634000,31594000,"ICEU","B2209",111.1,111.11,111.13
2022-07-04,84635000,31595000,"ICEU","B2209",111.1,111.11,111.13
2022-07-04,84637000,31597000,"ICEU","B2209",111.1,111.11,111.13
2022-07-04,84639000,31599000,"ICEU","B2209",111.1,111.1,111.13
2022-07-04,84640000,31600000,"ICEU","B2209",111.1,111.1,111.13
2022-07-04,84641000,31601000,"ICEU","B2209",111.1,111.1,111.13
2022-07-04,84651000,31611000,"ICEU","B2209",111.1,111.1,111.13
2022-07-04,84652000,31612000,"ICEU","B2209",111.1,111.1,111.13
2022-07-04,84653000,31613000,"ICEU","B2209",111.1,111.09,111.13
2022-07-04,84654000,31614000,"ICEU","B2209",111.1,111.09,111.13
2022-07-04,84656000,31616000,"ICEU","B2209",111.1,111.09,111.13
2022-07-04,84657000,31617000,"ICEU","B2209",111.1,111.09,111.13
2022-07-04,84659000,31619000,"ICEU","B2209",111.1,111.1,111.13
2022-07-04,84700000,31620000,"ICEU","B2209",111.1,111.1,111.13
2022-07-04,84701000,31621000,"ICEU","B2209",111.1,111.11,111.13
2022-07-04,84702000,31622000,"ICEU","B2209",111.1,111.11,111.13
2022-07-04,84703000,31623000,"ICEU","B2209",111.1,111.09,111.13
2022-07-04,84705000,31625000,"ICEU","B2209",111.1,111.09,111.13
2022-07-04,84706000,31626000,"ICEU","B2209",111.1,111.09,111.13
2022-07-04,84707000,31627000,"ICEU","B2209",111.1,111.09,111.13
2022-07-04,84710000,31630000,"ICEU","B2209",111.1,111.09,111.13
2022-07-04,84711000,31631000,"ICEU","B2209",111.1,111.1,111.13
2022-07-04,84712000,31632000,"ICEU","B2209",111.1,111.1,111.13
2022-07-04,84713000,31633000,"ICEU","B2209",111.1,111.1,111.13
2022-07-04,84716000,31636000,"ICEU","B2209",111.1,111.09,111.13
2022-07-04,84721000,31641000,"ICEU","B2209",111.1,111.09,111.13
2022-07-04,84723000,31643000,"ICEU","B2209",111.1,111.1,111.13
2022-07-04,84724000,31644000,"ICEU","B2209",111.1,111.1,111.13
2022-07-04,84726000,31646000,"ICEU","B2209",111.1,111.1,111.13
2022-07-04,84732000,31652000,"ICEU","B2209",111.1,111.1,111.13
2022-07-04,84733000,31653000,"ICEU","B2209",111.1,111.1,111.13
2022-07-04,84734000,31654000,"ICEU","B2209",111.1,111.11,111.13
2022-07-04,84735000,31655000,"ICEU","B2209",111.1,111.11,111.13
2022-07-04,84736000,31656000,"ICEU","B2209",111.13,111.13,111.15
2022-07-04,84737000,31657000,"ICEU","B2209",111.13,111.13,111.15
2022-07-04,84738000,31658000,"ICEU","B2209",111.13,111.13,111.15
2022-07-04,84739000,31659000,"ICEU","B2209",111.13,111.13,111.15
2022-07-04,84741000,31661000,"ICEU","B2209",111.13,111.13,111.15
2022-07-04,84742000,31662000,"ICEU","B2209",111.13,111.13,111.15
2022-07-04,84744000,31664000,"ICEU","B2209",111.12,111.08,111.12
2022-07-04,84745000,31665000,"ICEU","B2209",111.12,111.09,111.12
2022-07-04,84746000,31666000,"ICEU","B2209",111.12,111.09,111.12
2022-07-04,84751000,31671000,"ICEU","B2209",111.12,111.09,111.12
2022-07-04,84753000,31673000,"ICEU","B2209",111.12,111.1,111.14
2022-07-04,84755000,31675000,"ICEU","B2209",111.12,111.1,111.14
2022-07-04,84756000,31676000,"ICEU","B2209",111.12,111.1,111.14
2022-07-04,84759000,31679000,"ICEU","B2209",111.12,111.09,111.14
2022-07-04,84800000,31680000,"ICEU","B2209",111.12,111.09,111.14
2022-07-04,84801000,31681000,"ICEU","B2209",111.12,111.09,111.13
2022-07-04,84802000,31682000,"ICEU","B2209",111.09,111.05,111.1
2022-07-04,84803000,31683000,"ICEU","B2209",111.09,111.06,111.1
2022-07-04,84804000,31684000,"ICEU","B2209",111.09,111.05,111.1
2022-07-04,84806000,31686000,"ICEU","B2209",111.09,111.05,111.1
2022-07-04,84808000,31688000,"ICEU","B2209",111.09,111.05,111.1
2022-07-04,84809000,31689000,"ICEU","B2209",111.09,111.06,111.1
2022-07-04,84813000,31693000,"ICEU","B2209",111.09,111.06,111.1
2022-07-04,84816000,31696000,"ICEU","B2209",111.09,111.06,111.1
2022-07-04,84817000,31697000,"ICEU","B2209",111.09,111.05,111.1
2022-07-04,84818000,31698000,"ICEU","B2209",111.06,111.05,111.09
2022-07-04,84819000,31699000,"ICEU","B2209",111.06,111.05,111.09
2022-07-04,84824000,31704000,"ICEU","B2209",111.06,111.05,111.08
2022-07-04,84825000,31705000,"ICEU","B2209",111.06,111.05,111.07
2022-07-04,84833000,31713000,"ICEU","B2209",111.06,111.05,111.07
2022-07-04,84834000,31714000,"ICEU","B2209",111.07,111.06,111.1
2022-07-04,84835000,31715000,"ICEU","B2209",111.07,111.07,111.12
2022-07-04,84837000,31717000,"ICEU","B2209",111.07,111.07,111.12
2022-07-04,84838000,31718000,"ICEU","B2209",111.07,111.05,111.1
2022-07-04,84841000,31721000,"ICEU","B2209",111.07,111.05,111.1
2022-07-04,84842000,31722000,"ICEU","B2209",111.07,111.05,111.1
2022-07-04,84843000,31723000,"ICEU","B2209",111.07,111.05,111.09
2022-07-04,84844000,31724000,"ICEU","B2209",111.07,111.05,111.09
2022-07-04,84859000,31739000,"ICEU","B2209",111.07,111.05,111.09
2022-07-04,84900000,31740000,"ICEU","B2209",111.07,111.05,111.09
2022-07-04,84902000,31742000,"ICEU","B2209",111.07,111.05,111.09
2022-07-04,84903000,31743000,"ICEU","B2209",111.07,111.05,111.09
2022-07-04,84904000,31744000,"ICEU","B2209",111.05,111,111.06
2022-07-04,84906000,31746000,"ICEU","B2209",111.05,111,111.06
2022-07-04,84908000,31748000,"ICEU","B2209",111.05,111,111.05
2022-07-04,84909000,31749000,"ICEU","B2209",111.05,111,111.05
2022-07-04,84910000,31750000,"ICEU","B2209",111.08,111.08,111.1
2022-07-04,84911000,31751000,"ICEU","B2209",111.08,111.08,111.11
2022-07-04,84913000,31753000,"ICEU","B2209",111.08,111.07,111.12
2022-07-04,84914000,31754000,"ICEU","B2209",111.08,111.07,111.11
2022-07-04,84915000,31755000,"ICEU","B2209",111.08,111.08,111.12
2022-07-04,84916000,31756000,"ICEU","B2209",111.08,111.07,111.12
2022-07-04,84917000,31757000,"ICEU","B2209",111.08,111.08,111.12
2022-07-04,84918000,31758000,"ICEU","B2209",111.08,111.08,111.12
2022-07-04,84919000,31759000,"ICEU","B2209",111.08,111.08,111.11
2022-07-04,84921000,31761000,"ICEU","B2209",111.08,111.08,111.11
2022-07-04,84923000,31763000,"ICEU","B2209",111.08,111.08,111.11
2022-07-04,84925000,31765000,"ICEU","B2209",111.11,111.09,111.12
2022-07-04,84926000,31766000,"ICEU","B2209",111.11,111.09,111.12
2022-07-04,84927000,31767000,"ICEU","B2209",111.11,111.09,111.14
2022-07-04,84928000,31768000,"ICEU","B2209",111.11,111.08,111.13
2022-07-04,84929000,31769000,"ICEU","B2209",111.11,111.08,111.13
2022-07-04,84930000,31770000,"ICEU","B2209",111.11,111.08,111.13
2022-07-04,84931000,31771000,"ICEU","B2209",111.11,111.08,111.13
2022-07-04,84933000,31773000,"ICEU","B2209",111.11,111.08,111.13
2022-07-04,84934000,31774000,"ICEU","B2209",111.11,111.08,111.13
2022-07-04,84936000,31776000,"ICEU","B2209",111.11,111.08,111.13
2022-07-04,84939000,31779000,"ICEU","B2209",111.11,111.08,111.13
2022-07-04,84953000,31793000,"ICEU","B2209",111.11,111.08,111.13
2022-07-04,84955000,31795000,"ICEU","B2209",111.11,111.08,111.13
2022-07-04,85002000,31802000,"ICEU","B2209",111.11,111.08,111.13
2022-07-04,85003000,31803000,"ICEU","B2209",111.11,111.08,111.12
2022-07-04,85006000,31806000,"ICEU","B2209",111.11,111.08,111.12
2022-07-04,85007000,31807000,"ICEU","B2209",111.11,111.07,111.11
2022-07-04,85008000,31808000,"ICEU","B2209",111.11,111.07,111.11
2022-07-04,85009000,31809000,"ICEU","B2209",111.11,111.07,111.11
2022-07-04,85012000,31812000,"ICEU","B2209",111.11,111.07,111.11
2022-07-04,85013000,31813000,"ICEU","B2209",111.11,111.04,111.07
2022-07-04,85014000,31814000,"ICEU","B2209",111.11,111.03,111.06
2022-07-04,85015000,31815000,"ICEU","B2209",111.11,111.04,111.05
2022-07-04,85016000,31816000,"ICEU","B2209",111.11,111.02,111.04
2022-07-04,85018000,31818000,"ICEU","B2209",111.04,111.04,111.05
2022-07-04,85020000,31820000,"ICEU","B2209",111.05,111.03,111.06
2022-07-04,85024000,31824000,"ICEU","B2209",111.05,111.03,111.07
2022-07-04,85025000,31825000,"ICEU","B2209",111.05,111.03,111.07
2022-07-04,85027000,31827000,"ICEU","B2209",111.05,111.03,111.08
2022-07-04,85028000,31828000,"ICEU","B2209",111.05,111.03,111.06
2022-07-04,85029000,31829000,"ICEU","B2209",111.05,111.03,111.06
2022-07-04,85030000,31830000,"ICEU","B2209",111.05,111.03,111.06
2022-07-04,85031000,31831000,"ICEU","B2209",111.05,111.03,111.06
2022-07-04,85033000,31833000,"ICEU","B2209",111.05,111.02,111.06
2022-07-04,85034000,31834000,"ICEU","B2209",111.05,111.02,111.06
2022-07-04,85040000,31840000,"ICEU","B2209",111.05,111.02,111.06
2022-07-04,85041000,31841000,"ICEU","B2209",111.05,111.02,111.06
2022-07-04,85047000,31847000,"ICEU","B2209",111.05,111.02,111.06
2022-07-04,85051000,31851000,"ICEU","B2209",111.05,111.02,111.06
2022-07-04,85053000,31853000,"ICEU","B2209",111.05,111.02,111.06
2022-07-04,85059000,31859000,"ICEU","B2209",111.02,111.01,111.06
2022-07-04,85100000,31860000,"ICEU","B2209",111.02,111.01,111.06
2022-07-04,85101000,31861000,"ICEU","B2209",111.02,111.01,111.06
2022-07-04,85102000,31862000,"ICEU","B2209",111.02,111,111.04
2022-07-04,85103000,31863000,"ICEU","B2209",111.02,111,111.04
2022-07-04,85104000,31864000,"ICEU","B2209",111.02,111.01,111.04
2022-07-04,85106000,31866000,"ICEU","B2209",111.02,111.01,111.04
2022-07-04,85107000,31867000,"ICEU","B2209",111.02,111.01,111.04
2022-07-04,85108000,31868000,"ICEU","B2209",111.02,111.01,111.04
2022-07-04,85109000,31869000,"ICEU","B2209",111.02,111.01,111.04
2022-07-04,85113000,31873000,"ICEU","B2209",111.02,111.01,111.04
2022-07-04,85114000,31874000,"ICEU","B2209",111.02,111,111.04
2022-07-04,85115000,31875000,"ICEU","B2209",111.02,111,111.03
2022-07-04,85116000,31876000,"ICEU","B2209",111.02,111,111.03
2022-07-04,85117000,31877000,"ICEU","B2209",111.02,111,111.03
2022-07-04,85118000,31878000,"ICEU","B2209",111.02,111,111.03
2022-07-04,85119000,31879000,"ICEU","B2209",111.02,111,111.03
2022-07-04,85120000,31880000,"ICEU","B2209",111.02,111,111.03
2022-07-04,85123000,31883000,"ICEU","B2209",111.02,111,111.03
2022-07-04,85126000,31886000,"ICEU","B2209",111.02,111,111.03
2022-07-04,85128000,31888000,"ICEU","B2209",111.02,111,111.03
2022-07-04,85129000,31889000,"ICEU","B2209",111.02,111,111.03
2022-07-04,85131000,31891000,"ICEU","B2209",111.02,111,111.03
2022-07-04,85133000,31893000,"ICEU","B2209",111.02,111,111.03
2022-07-04,85134000,31894000,"ICEU","B2209",111.02,111,111.03
2022-07-04,85135000,31895000,"ICEU","B2209",111.03,111.01,111.03
2022-07-04,85136000,31896000,"ICEU","B2209",111.03,111.01,111.03
2022-07-04,85142000,31902000,"ICEU","B2209",111.03,111.02,111.03
2022-07-04,85143000,31903000,"ICEU","B2209",111.03,111.02,111.03
2022-07-04,85145000,31905000,"ICEU","B2209",111.03,111.02,111.03
2022-07-04,85146000,31906000,"ICEU","B2209",111.03,111.02,111.03
2022-07-04,85147000,31907000,"ICEU","B2209",111.03,111.02,111.03
2022-07-04,85149000,31909000,"ICEU","B2209",111.03,111.02,111.03
2022-07-04,85150000,31910000,"ICEU","B2209",111.03,111.02,111.03
2022-07-04,85152000,31912000,"ICEU","B2209",111.03,111.02,111.03
2022-07-04,85153000,31913000,"ICEU","B2209",111.03,111.02,111.03
2022-07-04,85154000,31914000,"ICEU","B2209",111.03,111.02,111.03
2022-07-04,85155000,31915000,"ICEU","B2209",111.02,111,111.03
2022-07-04,85156000,31916000,"ICEU","B2209",111.02,111,111.03
2022-07-04,85157000,31917000,"ICEU","B2209",111.02,111,111.03
2022-07-04,85159000,31919000,"ICEU","B2209",111.02,111,111.04
2022-07-04,85200000,31920000,"ICEU","B2209",111,111,111.04
2022-07-04,85201000,31921000,"ICEU","B2209",111,111,111.04
2022-07-04,85202000,31922000,"ICEU","B2209",111,111,111.04
2022-07-04,85208000,31928000,"ICEU","B2209",111,111,111.03
2022-07-04,85209000,31929000,"ICEU","B2209",111,111,111.03
2022-07-04,85210000,31930000,"ICEU","B2209",111,111,111.03
2022-07-04,85211000,31931000,"ICEU","B2209",111,111,111.03
2022-07-04,85212000,31932000,"ICEU","B2209",111,111,111.03
2022-07-04,85213000,31933000,"ICEU","B2209",111,111,111.03
2022-07-04,85214000,31934000,"ICEU","B2209",111,111,111.03
2022-07-04,85215000,31935000,"ICEU","B2209",111,111,111.03
2022-07-04,85216000,31936000,"ICEU","B2209",111,111,111.03
2022-07-04,85218000,31938000,"ICEU","B2209",111,111,111.03
2022-07-04,85219000,31939000,"ICEU","B2209",111,111.01,111.03
2022-07-04,85220000,31940000,"ICEU","B2209",111,111.01,111.03
2022-07-04,85221000,31941000,"ICEU","B2209",111,111.01,111.03
2022-07-04,85222000,31942000,"ICEU","B2209",111,111.01,111.03
2022-07-04,85224000,31944000,"ICEU","B2209",111.03,111.01,111.05
2022-07-04,85225000,31945000,"ICEU","B2209",111.03,111.02,111.04
2022-07-04,85226000,31946000,"ICEU","B2209",111.03,111.02,111.05
2022-07-04,85227000,31947000,"ICEU","B2209",111.03,111.02,111.05
2022-07-04,85230000,31950000,"ICEU","B2209",111.03,111.02,111.05
2022-07-04,85231000,31951000,"ICEU","B2209",111.03,111.03,111.07
2022-07-04,85232000,31952000,"ICEU","B2209",111.03,111.03,111.06
2022-07-04,85234000,31954000,"ICEU","B2209",111.03,111.03,111.06
2022-07-04,85235000,31955000,"ICEU","B2209",111.03,111.03,111.07
2022-07-04,85236000,31956000,"ICEU","B2209",111.03,111.03,111.06
2022-07-04,85237000,31957000,"ICEU","B2209",111.03,111.03,111.07
2022-07-04,85238000,31958000,"ICEU","B2209",111.03,111.03,111.06
2022-07-04,85240000,31960000,"ICEU","B2209",111.03,111.03,111.06
2022-07-04,85241000,31961000,"ICEU","B2209",111.03,111.04,111.08
2022-07-04,85243000,31963000,"ICEU","B2209",111.03,111.04,111.08
2022-07-04,85244000,31964000,"ICEU","B2209",111.03,111.04,111.08
2022-07-04,85246000,31966000,"ICEU","B2209",111.03,111.04,111.08
2022-07-04,85247000,31967000,"ICEU","B2209",111.03,111.04,111.08
2022-07-04,85249000,31969000,"ICEU","B2209",111.03,111.04,111.08
2022-07-04,85251000,31971000,"ICEU","B2209",111.03,111.04,111.08
2022-07-04,85252000,31972000,"ICEU","B2209",111.07,111.07,111.1
2022-07-04,85253000,31973000,"ICEU","B2209",111.07,111.07,111.1
2022-07-04,85254000,31974000,"ICEU","B2209",111.07,111.07,111.1
2022-07-04,85255000,31975000,"ICEU","B2209",111.07,111.07,111.1
2022-07-04,85256000,31976000,"ICEU","B2209",111.07,111.07,111.1
2022-07-04,85300000,31980000,"ICEU","B2209",111.07,111.07,111.1
2022-07-04,85302000,31982000,"ICEU","B2209",111.07,111.07,111.1
2022-07-04,85303000,31983000,"ICEU","B2209",111.07,111.07,111.1
2022-07-04,85305000,31985000,"ICEU","B2209",111.07,111.07,111.1
2022-07-04,85306000,31986000,"ICEU","B2209",111.07,111.05,111.09
2022-07-04,85307000,31987000,"ICEU","B2209",111.07,111.05,111.09
2022-07-04,85309000,31989000,"ICEU","B2209",111.07,111.05,111.09
2022-07-04,85310000,31990000,"ICEU","B2209",111.07,111.05,111.09
2022-07-04,85312000,31992000,"ICEU","B2209",111.07,111.05,111.09
2022-07-04,85313000,31993000,"ICEU","B2209",111.07,111.04,111.07
2022-07-04,85314000,31994000,"ICEU","B2209",111.07,111.04,111.07
2022-07-04,85316000,31996000,"ICEU","B2209",111.07,111.04,111.07
2022-07-04,85319000,31999000,"ICEU","B2209",111.07,111.03,111.07
2022-07-04,85321000,32001000,"ICEU","B2209",111.07,111.03,111.07
2022-07-04,85322000,32002000,"ICEU","B2209",111.07,111.03,111.07
2022-07-04,85323000,32003000,"ICEU","B2209",111.07,111.03,111.07
2022-07-04,85324000,32004000,"ICEU","B2209",111.07,111.04,111.07
2022-07-04,85325000,32005000,"ICEU","B2209",111.07,111.03,111.07
2022-07-04,85328000,32008000,"ICEU","B2209",111.07,111.03,111.07
2022-07-04,85331000,32011000,"ICEU","B2209",111.07,111.02,111.06
2022-07-04,85333000,32013000,"ICEU","B2209",111.07,111.02,111.06
2022-07-04,85334000,32014000,"ICEU","B2209",111.07,111.02,111.06
2022-07-04,85335000,32015000,"ICEU","B2209",111.07,111.02,111.06
2022-07-04,85337000,32017000,"ICEU","B2209",111.07,111.02,111.06
2022-07-04,85339000,32019000,"ICEU","B2209",111.07,111.02,111.05
2022-07-04,85340000,32020000,"ICEU","B2209",111.07,111.02,111.05
2022-07-04,85342000,32022000,"ICEU","B2209",111.07,111.02,111.05
2022-07-04,85343000,32023000,"ICEU","B2209",111.07,111.02,111.05
2022-07-04,85344000,32024000,"ICEU","B2209",111.07,111.02,111.04
2022-07-04,85345000,32025000,"ICEU","B2209",111.07,111.02,111.04
2022-07-04,85346000,32026000,"ICEU","B2209",111.07,111.02,111.04
2022-07-04,85348000,32028000,"ICEU","B2209",111.07,111.02,111.04
2022-07-04,85350000,32030000,"ICEU","B2209",111.07,111.02,111.04
2022-07-04,85352000,32032000,"ICEU","B2209",111.07,111.02,111.04
2022-07-04,85354000,32034000,"ICEU","B2209",111.02,111.02,111.04
2022-07-04,85400000,32040000,"ICEU","B2209",111.02,111.02,111.04
2022-07-04,85401000,32041000,"ICEU","B2209",111.04,111.03,111.05
2022-07-04,85402000,32042000,"ICEU","B2209",111.04,111.03,111.05
2022-07-04,85408000,32048000,"ICEU","B2209",111.04,111.03,111.05
2022-07-04,85409000,32049000,"ICEU","B2209",111.04,111.03,111.05
2022-07-04,85413000,32053000,"ICEU","B2209",111.04,111.02,111.05
2022-07-04,85414000,32054000,"ICEU","B2209",111.04,111.02,111.05
2022-07-04,85426000,32066000,"ICEU","B2209",111.04,111.02,111.05
2022-07-04,85427000,32067000,"ICEU","B2209",111.04,111.02,111.05
2022-07-04,85428000,32068000,"ICEU","B2209",111.04,111.02,111.05
2022-07-04,85434000,32074000,"ICEU","B2209",111.04,111.02,111.05
2022-07-04,85446000,32086000,"ICEU","B2209",111.04,111.02,111.05
2022-07-04,85448000,32088000,"ICEU","B2209",111.04,111.02,111.05
2022-07-04,85449000,32089000,"ICEU","B2209",111.04,111.02,111.05
2022-07-04,85455000,32095000,"ICEU","B2209",111.04,111.02,111.05
2022-07-04,85459000,32099000,"ICEU","B2209",111.04,111.02,111.04
2022-07-04,85500000,32100000,"ICEU","B2209",111.02,111,111.01
2022-07-04,85501000,32101000,"ICEU","B2209",110.97,110.97,111
2022-07-04,85502000,32102000,"ICEU","B2209",110.97,110.97,110.98
2022-07-04,85503000,32103000,"ICEU","B2209",110.9,110.88,110.91
2022-07-04,85504000,32104000,"ICEU","B2209",110.91,110.91,110.93
2022-07-04,85505000,32105000,"ICEU","B2209",110.91,110.91,110.93
2022-07-04,85506000,32106000,"ICEU","B2209",110.91,110.91,110.93
2022-07-04,85507000,32107000,"ICEU","B2209",110.91,110.91,110.93
2022-07-04,85508000,32108000,"ICEU","B2209",110.91,110.91,110.93
2022-07-04,85509000,32109000,"ICEU","B2209",110.91,110.91,110.93
2022-07-04,85510000,32110000,"ICEU","B2209",110.91,110.91,110.93
2022-07-04,85511000,32111000,"ICEU","B2209",110.93,110.93,110.94
2022-07-04,85512000,32112000,"ICEU","B2209",110.93,110.93,110.94
2022-07-04,85513000,32113000,"ICEU","B2209",110.93,110.93,110.94
2022-07-04,85515000,32115000,"ICEU","B2209",110.93,110.93,110.94
2022-07-04,85519000,32119000,"ICEU","B2209",110.96,110.96,111
2022-07-04,85520000,32120000,"ICEU","B2209",110.96,110.96,111
2022-07-04,85521000,32121000,"ICEU","B2209",110.96,110.96,111
2022-07-04,85522000,32122000,"ICEU","B2209",110.96,110.96,111
2022-07-04,85523000,32123000,"ICEU","B2209",110.96,110.96,111
2022-07-04,85524000,32124000,"ICEU","B2209",110.96,110.96,111
2022-07-04,85526000,32126000,"ICEU","B2209",110.96,110.96,111
2022-07-04,85529000,32129000,"ICEU","B2209",110.96,110.96,111
2022-07-04,85530000,32130000,"ICEU","B2209",110.96,110.96,111
2022-07-04,85533000,32133000,"ICEU","B2209",110.96,110.97,111
2022-07-04,85534000,32134000,"ICEU","B2209",111,111,111.02
2022-07-04,85535000,32135000,"ICEU","B2209",111,111,111.02
2022-07-04,85536000,32136000,"ICEU","B2209",111,111,111.03
2022-07-04,85537000,32137000,"ICEU","B2209",111,111,111.03
2022-07-04,85539000,32139000,"ICEU","B2209",111,111.01,111.03
2022-07-04,85542000,32142000,"ICEU","B2209",111.03,111.02,111.04
2022-07-04,85543000,32143000,"ICEU","B2209",111.03,111.02,111.04
2022-07-04,85544000,32144000,"ICEU","B2209",111.03,111.01,111.04
2022-07-04,85545000,32145000,"ICEU","B2209",111.03,111.02,111.04
2022-07-04,85546000,32146000,"ICEU","B2209",111.03,111.02,111.04
2022-07-04,85550000,32150000,"ICEU","B2209",111.02,111,111.04
2022-07-04,85554000,32154000,"ICEU","B2209",111.02,111,111.04
2022-07-04,85555000,32155000,"ICEU","B2209",111.02,111,111.03
2022-07-04,85556000,32156000,"ICEU","B2209",111.02,111.01,111.04
2022-07-04,85557000,32157000,"ICEU","B2209",111.02,111.01,111.04
2022-07-04,85558000,32158000,"ICEU","B2209",111.02,111.01,111.04
2022-07-04,85600000,32160000,"ICEU","B2209",111.02,111.02,111.04
2022-07-04,85602000,32162000,"ICEU","B2209",111.02,110.99,111.03
2022-07-04,85603000,32163000,"ICEU","B2209",111.02,110.95,110.98
2022-07-04,85604000,32164000,"ICEU","B2209",111.02,110.94,110.97
2022-07-04,85605000,32165000,"ICEU","B2209",111.02,110.94,110.97
2022-07-04,85606000,32166000,"ICEU","B2209",111.02,110.93,110.96
2022-07-04,85607000,32167000,"ICEU","B2209",111.02,110.94,110.96
2022-07-04,85609000,32169000,"ICEU","B2209",111.02,110.93,110.96
2022-07-04,85610000,32170000,"ICEU","B2209",111,110.96,111
2022-07-04,85611000,32171000,"ICEU","B2209",111,110.96,111
2022-07-04,85614000,32174000,"ICEU","B2209",111,110.93,110.97
2022-07-04,85617000,32177000,"ICEU","B2209",111,110.93,110.97
2022-07-04,85619000,32179000,"ICEU","B2209",111,110.92,110.95
2022-07-04,85621000,32181000,"ICEU","B2209",111,110.92,110.96
2022-07-04,85622000,32182000,"ICEU","B2209",111,110.91,110.95
2022-07-04,85623000,32183000,"ICEU","B2209",111,110.91,110.95
2022-07-04,85625000,32185000,"ICEU","B2209",111,110.91,110.95
2022-07-04,85627000,32187000,"ICEU","B2209",111,110.91,110.95
2022-07-04,85628000,32188000,"ICEU","B2209",111,110.91,110.95
2022-07-04,85629000,32189000,"ICEU","B2209",111,110.91,110.95
2022-07-04,85630000,32190000,"ICEU","B2209",111,110.91,110.94
2022-07-04,85632000,32192000,"ICEU","B2209",111,110.9,110.94
2022-07-04,85633000,32193000,"ICEU","B2209",111,110.9,110.94
2022-07-04,85639000,32199000,"ICEU","B2209",111,110.9,110.94
2022-07-04,85641000,32201000,"ICEU","B2209",111,110.9,110.94
2022-07-04,85642000,32202000,"ICEU","B2209",111,110.9,110.93
2022-07-04,85644000,32204000,"ICEU","B2209",111,110.9,110.93
2022-07-04,85646000,32206000,"ICEU","B2209",111,110.91,110.93
2022-07-04,85649000,32209000,"ICEU","B2209",111,110.91,110.93
2022-07-04,85651000,32211000,"ICEU","B2209",111,110.91,110.93
2022-07-04,85653000,32213000,"ICEU","B2209",111,110.91,110.93
2022-07-04,85656000,32216000,"ICEU","B2209",110.95,110.97,111.01
2022-07-04,85657000,32217000,"ICEU","B2209",110.95,110.97,111.01
2022-07-04,85658000,32218000,"ICEU","B2209",110.95,110.97,111.01
2022-07-04,85701000,32221000,"ICEU","B2209",110.95,110.98,111.01
2022-07-04,85702000,32222000,"ICEU","B2209",110.95,110.99,111.03
2022-07-04,85704000,32224000,"ICEU","B2209",110.95,110.97,111.03
2022-07-04,85705000,32225000,"ICEU","B2209",110.95,110.98,111.02
2022-07-04,85706000,32226000,"ICEU","B2209",110.95,110.98,111.02
2022-07-04,85712000,32232000,"ICEU","B2209",110.95,110.98,111.02
2022-07-04,85713000,32233000,"ICEU","B2209",110.98,110.98,111.02
2022-07-04,85714000,32234000,"ICEU","B2209",110.98,110.98,111.02
2022-07-04,85715000,32235000,"ICEU","B2209",110.98,110.99,111.03
2022-07-04,85716000,32236000,"ICEU","B2209",110.98,110.99,111.03
2022-07-04,85717000,32237000,"ICEU","B2209",110.98,110.99,111.03
2022-07-04,85719000,32239000,"ICEU","B2209",110.98,110.99,111.03
2022-07-04,85720000,32240000,"ICEU","B2209",110.98,110.99,111.03
2022-07-04,85722000,32242000,"ICEU","B2209",110.98,110.99,111.03
2022-07-04,85728000,32248000,"ICEU","B2209",110.98,110.99,111.03
2022-07-04,85729000,32249000,"ICEU","B2209",110.98,110.97,111.01
2022-07-04,85731000,32251000,"ICEU","B2209",110.98,110.98,111.01
2022-07-04,85732000,32252000,"ICEU","B2209",110.98,110.98,111.02
2022-07-04,85733000,32253000,"ICEU","B2209",110.98,110.98,111.02
2022-07-04,85734000,32254000,"ICEU","B2209",110.98,110.98,111.03
2022-07-04,85736000,32256000,"ICEU","B2209",110.98,110.98,111.02
2022-07-04,85737000,32257000,"ICEU","B2209",110.98,110.99,111.03
2022-07-04,85738000,32258000,"ICEU","B2209",110.98,110.99,111.03
2022-07-04,85739000,32259000,"ICEU","B2209",110.98,110.99,111.03
2022-07-04,85740000,32260000,"ICEU","B2209",110.98,110.99,111.05
2022-07-04,85743000,32263000,"ICEU","B2209",110.98,111,111.04
2022-07-04,85744000,32264000,"ICEU","B2209",110.98,111,111.04
2022-07-04,85746000,32266000,"ICEU","B2209",110.98,110.99,111.03
2022-07-04,85747000,32267000,"ICEU","B2209",110.98,110.99,111.03
2022-07-04,85748000,32268000,"ICEU","B2209",110.98,111,111.04
2022-07-04,85750000,32270000,"ICEU","B2209",110.98,111,111.04
2022-07-04,85754000,32274000,"ICEU","B2209",110.98,111,111.04
2022-07-04,85755000,32275000,"ICEU","B2209",110.98,111,111.04
2022-07-04,85756000,32276000,"ICEU","B2209",110.98,111,111.04
2022-07-04,85757000,32277000,"ICEU","B2209",110.98,111,111.04
2022-07-04,85758000,32278000,"ICEU","B2209",110.98,111,111.04
2022-07-04,85759000,32279000,"ICEU","B2209",110.98,111,111.04
2022-07-04,85804000,32284000,"ICEU","B2209",110.98,110.99,111.03
2022-07-04,85807000,32287000,"ICEU","B2209",110.98,110.99,111.02
2022-07-04,85808000,32288000,"ICEU","B2209",110.98,110.99,111.02
2022-07-04,85818000,32298000,"ICEU","B2209",110.98,110.98,111.01
2022-07-04,85819000,32299000,"ICEU","B2209",110.98,110.96,111
2022-07-04,85820000,32300000,"ICEU","B2209",110.98,110.95,111
2022-07-04,85821000,32301000,"ICEU","B2209",110.98,110.95,110.99
2022-07-04,85823000,32303000,"ICEU","B2209",110.98,110.95,110.98
2022-07-04,85824000,32304000,"ICEU","B2209",110.98,110.96,111
2022-07-04,85830000,32310000,"ICEU","B2209",110.98,110.96,110.99
2022-07-04,85831000,32311000,"ICEU","B2209",110.98,110.95,110.99
2022-07-04,85832000,32312000,"ICEU","B2209",110.98,110.95,110.99
2022-07-04,85833000,32313000,"ICEU","B2209",110.98,110.95,110.98
2022-07-04,85834000,32314000,"ICEU","B2209",110.98,110.95,110.98
2022-07-04,85835000,32315000,"ICEU","B2209",110.98,110.95,110.98
2022-07-04,85836000,32316000,"ICEU","B2209",110.98,110.95,110.98
2022-07-04,85837000,32317000,"ICEU","B2209",110.98,110.95,110.98
2022-07-04,85838000,32318000,"ICEU","B2209",110.98,110.95,110.99
2022-07-04,85839000,32319000,"ICEU","B2209",110.98,110.95,110.98
2022-07-04,85840000,32320000,"ICEU","B2209",110.98,110.95,110.98
2022-07-04,85841000,32321000,"ICEU","B2209",110.98,110.95,110.99
2022-07-04,85842000,32322000,"ICEU","B2209",110.98,110.95,110.98
2022-07-04,85855000,32335000,"ICEU","B2209",110.98,110.95,110.98
2022-07-04,85859000,32339000,"ICEU","B2209",110.98,110.95,110.98
2022-07-04,85909000,32349000,"ICEU","B2209",110.98,110.95,110.98
2022-07-04,85911000,32351000,"ICEU","B2209",110.98,110.95,110.98
2022-07-04,85912000,32352000,"ICEU","B2209",110.98,110.96,111
2022-07-04,85914000,32354000,"ICEU","B2209",110.96,110.95,110.98
2022-07-04,85915000,32355000,"ICEU","B2209",110.96,110.95,110.99
2022-07-04,85921000,32361000,"ICEU","B2209",110.96,110.95,110.99
2022-07-04,85922000,32362000,"ICEU","B2209",110.96,110.97,111.01
2022-07-04,85924000,32364000,"ICEU","B2209",110.96,110.97,111.01
2022-07-04,85926000,32366000,"ICEU","B2209",110.96,110.97,111.01
2022-07-04,85927000,32367000,"ICEU","B2209",110.96,110.97,111
2022-07-04,85928000,32368000,"ICEU","B2209",110.96,110.97,111
2022-07-04,85930000,32370000,"ICEU","B2209",110.96,110.97,111
2022-07-04,85931000,32371000,"ICEU","B2209",110.96,110.96,110.99
2022-07-04,85934000,32374000,"ICEU","B2209",110.96,110.96,110.99
2022-07-04,85936000,32376000,"ICEU","B2209",110.96,110.96,110.99
2022-07-04,85941000,32381000,"ICEU","B2209",110.96,110.96,110.99
2022-07-04,85943000,32383000,"ICEU","B2209",110.96,110.96,110.99
2022-07-04,85948000,32388000,"ICEU","B2209",110.96,110.96,110.99
2022-07-04,85949000,32389000,"ICEU","B2209",110.99,110.97,111.01
2022-07-04,85956000,32396000,"ICEU","B2209",110.99,110.98,111.02
2022-07-04,85958000,32398000,"ICEU","B2209",110.99,110.98,111.02
2022-07-04,85959000,32399000,"ICEU","B2209",110.99,110.97,111.01
2022-07-04,9e+07,32400000,"ICEU","B2209",111,110.98,111.02
2022-07-04,90001000,32401000,"ICEU","B2209",111.06,111.05,111.06
2022-07-04,90002000,32402000,"ICEU","B2209",111.05,110.99,111.02
2022-07-04,90003000,32403000,"ICEU","B2209",110.96,110.93,110.98
2022-07-04,90004000,32404000,"ICEU","B2209",110.9,110.9,110.92
2022-07-04,90005000,32405000,"ICEU","B2209",110.9,110.9,110.93
2022-07-04,90006000,32406000,"ICEU","B2209",110.93,110.93,110.94
2022-07-04,90007000,32407000,"ICEU","B2209",110.91,110.92,110.94
2022-07-04,90008000,32408000,"ICEU","B2209",110.93,110.9,110.93
2022-07-04,90009000,32409000,"ICEU","B2209",110.93,110.9,110.92
2022-07-04,90010000,32410000,"ICEU","B2209",110.93,110.9,110.92
2022-07-04,90011000,32411000,"ICEU","B2209",110.93,110.9,110.93
2022-07-04,90012000,32412000,"ICEU","B2209",110.9,110.9,110.92
2022-07-04,90013000,32413000,"ICEU","B2209",110.92,110.91,110.93
2022-07-04,90014000,32414000,"ICEU","B2209",110.95,110.94,110.96
2022-07-04,90015000,32415000,"ICEU","B2209",110.97,110.95,110.97
2022-07-04,90016000,32416000,"ICEU","B2209",110.95,110.94,110.97
2022-07-04,90017000,32417000,"ICEU","B2209",110.94,110.94,110.97
2022-07-04,90018000,32418000,"ICEU","B2209",110.94,110.95,110.96
2022-07-04,90019000,32419000,"ICEU","B2209",110.97,110.94,110.97
2022-07-04,90020000,32420000,"ICEU","B2209",110.93,110.93,110.96
2022-07-04,90021000,32421000,"ICEU","B2209",110.93,110.91,110.94
2022-07-04,90022000,32422000,"ICEU","B2209",110.91,110.9,110.93
2022-07-04,90023000,32423000,"ICEU","B2209",110.9,110.9,110.92
2022-07-04,90024000,32424000,"ICEU","B2209",110.9,110.9,110.91
2022-07-04,90025000,32425000,"ICEU","B2209",110.9,110.9,110.91
2022-07-04,90026000,32426000,"ICEU","B2209",110.91,110.9,110.92
2022-07-04,90030000,32430000,"ICEU","B2209",110.9,110.9,110.91
2022-07-04,90031000,32431000,"ICEU","B2209",110.75,110.75,110.78
2022-07-04,90032000,32432000,"ICEU","B2209",110.75,110.73,110.75
2022-07-04,90033000,32433000,"ICEU","B2209",110.72,110.71,110.73
2022-07-04,90034000,32434000,"ICEU","B2209",110.69,110.68,110.71
2022-07-04,90035000,32435000,"ICEU","B2209",110.71,110.7,110.73
2022-07-04,90036000,32436000,"ICEU","B2209",110.71,110.7,110.73
2022-07-04,90037000,32437000,"ICEU","B2209",110.72,110.7,110.72
2022-07-04,90038000,32438000,"ICEU","B2209",110.72,110.69,110.7
2022-07-04,90039000,32439000,"ICEU","B2209",110.69,110.68,110.7
2022-07-04,90040000,32440000,"ICEU","B2209",110.67,110.65,110.69
2022-07-04,90041000,32441000,"ICEU","B2209",110.68,110.68,110.7
2022-07-04,90042000,32442000,"ICEU","B2209",110.68,110.68,110.7
2022-07-04,90043000,32443000,"ICEU","B2209",110.69,110.67,110.7
2022-07-04,90045000,32445000,"ICEU","B2209",110.69,110.67,110.68
2022-07-04,90046000,32446000,"ICEU","B2209",110.69,110.67,110.7
2022-07-04,90047000,32447000,"ICEU","B2209",110.69,110.68,110.7
2022-07-04,90048000,32448000,"ICEU","B2209",110.69,110.68,110.7
2022-07-04,90049000,32449000,"ICEU","B2209",110.69,110.68,110.7
2022-07-04,90051000,32451000,"ICEU","B2209",110.69,110.68,110.7
2022-07-04,90054000,32454000,"ICEU","B2209",110.68,110.67,110.7
2022-07-04,90055000,32455000,"ICEU","B2209",110.68,110.67,110.7
2022-07-04,90056000,32456000,"ICEU","B2209",110.7,110.68,110.71
2022-07-04,90057000,32457000,"ICEU","B2209",110.7,110.68,110.72
2022-07-04,90058000,32458000,"ICEU","B2209",110.7,110.68,110.72
2022-07-04,90059000,32459000,"ICEU","B2209",110.7,110.67,110.7
2022-07-04,90100000,32460000,"ICEU","B2209",110.69,110.67,110.7
2022-07-04,90101000,32461000,"ICEU","B2209",110.69,110.66,110.69
2022-07-04,90102000,32462000,"ICEU","B2209",110.69,110.67,110.7
2022-07-04,90103000,32463000,"ICEU","B2209",110.69,110.67,110.7
2022-07-04,90104000,32464000,"ICEU","B2209",110.7,110.69,110.71
2022-07-04,90105000,32465000,"ICEU","B2209",110.7,110.69,110.72
2022-07-04,90106000,32466000,"ICEU","B2209",110.7,110.71,110.74
2022-07-04,90107000,32467000,"ICEU","B2209",110.7,110.71,110.74
2022-07-04,90108000,32468000,"ICEU","B2209",110.74,110.73,110.75
2022-07-04,90109000,32469000,"ICEU","B2209",110.75,110.74,110.77
2022-07-04,90110000,32470000,"ICEU","B2209",110.75,110.74,110.77
2022-07-04,90111000,32471000,"ICEU","B2209",110.75,110.74,110.77
2022-07-04,90112000,32472000,"ICEU","B2209",110.75,110.74,110.76
2022-07-04,90113000,32473000,"ICEU","B2209",110.75,110.74,110.77
2022-07-04,90114000,32474000,"ICEU","B2209",110.78,110.77,110.81
2022-07-04,90115000,32475000,"ICEU","B2209",110.77,110.75,110.79
2022-07-04,90116000,32476000,"ICEU","B2209",110.77,110.76,110.79
2022-07-04,90117000,32477000,"ICEU","B2209",110.77,110.74,110.77
2022-07-04,90118000,32478000,"ICEU","B2209",110.77,110.74,110.76
2022-07-04,90119000,32479000,"ICEU","B2209",110.73,110.71,110.74
2022-07-04,90120000,32480000,"ICEU","B2209",110.73,110.73,110.77
2022-07-04,90121000,32481000,"ICEU","B2209",110.73,110.74,110.77
2022-07-04,90122000,32482000,"ICEU","B2209",110.73,110.74,110.77
2022-07-04,90123000,32483000,"ICEU","B2209",110.73,110.75,110.77
2022-07-04,90124000,32484000,"ICEU","B2209",110.77,110.76,110.78
2022-07-04,90125000,32485000,"ICEU","B2209",110.78,110.77,110.78
2022-07-04,90127000,32487000,"ICEU","B2209",110.78,110.77,110.79
2022-07-04,90128000,32488000,"ICEU","B2209",110.78,110.78,110.79
2022-07-04,90129000,32489000,"ICEU","B2209",110.79,110.78,110.8
2022-07-04,90130000,32490000,"ICEU","B2209",110.8,110.8,110.82
2022-07-04,90131000,32491000,"ICEU","B2209",110.8,110.81,110.82
2022-07-04,90132000,32492000,"ICEU","B2209",110.81,110.8,110.82
2022-07-04,90133000,32493000,"ICEU","B2209",110.81,110.8,110.82
2022-07-04,90134000,32494000,"ICEU","B2209",110.79,110.78,110.8
2022-07-04,90135000,32495000,"ICEU","B2209",110.79,110.79,110.82
2022-07-04,90136000,32496000,"ICEU","B2209",110.82,110.8,110.82
2022-07-04,90137000,32497000,"ICEU","B2209",110.82,110.81,110.82
2022-07-04,90138000,32498000,"ICEU","B2209",110.82,110.81,110.82
2022-07-04,90139000,32499000,"ICEU","B2209",110.82,110.81,110.82
2022-07-04,90140000,32500000,"ICEU","B2209",110.82,110.81,110.82
2022-07-04,90141000,32501000,"ICEU","B2209",110.82,110.81,110.82
2022-07-04,90142000,32502000,"ICEU","B2209",110.82,110.81,110.82
2022-07-04,90143000,32503000,"ICEU","B2209",110.82,110.81,110.82
2022-07-04,90144000,32504000,"ICEU","B2209",110.82,110.81,110.82
2022-07-04,90145000,32505000,"ICEU","B2209",110.82,110.81,110.82
2022-07-04,90146000,32506000,"ICEU","B2209",110.81,110.8,110.81
2022-07-04,90147000,32507000,"ICEU","B2209",110.8,110.75,110.79
2022-07-04,90148000,32508000,"ICEU","B2209",110.8,110.76,110.79
2022-07-04,90149000,32509000,"ICEU","B2209",110.8,110.76,110.79
2022-07-04,90150000,32510000,"ICEU","B2209",110.8,110.76,110.79
2022-07-04,90151000,32511000,"ICEU","B2209",110.8,110.75,110.77
2022-07-04,90152000,32512000,"ICEU","B2209",110.75,110.75,110.76
2022-07-04,90154000,32514000,"ICEU","B2209",110.76,110.76,110.79
2022-07-04,90155000,32515000,"ICEU","B2209",110.76,110.75,110.78
2022-07-04,90156000,32516000,"ICEU","B2209",110.75,110.75,110.76
2022-07-04,90157000,32517000,"ICEU","B2209",110.75,110.75,110.76
2022-07-04,90158000,32518000,"ICEU","B2209",110.75,110.75,110.76
2022-07-04,90159000,32519000,"ICEU","B2209",110.72,110.69,110.71
2022-07-04,90200000,32520000,"ICEU","B2209",110.7,110.68,110.7
2022-07-04,90201000,32521000,"ICEU","B2209",110.69,110.65,110.69
2022-07-04,90202000,32522000,"ICEU","B2209",110.69,110.66,110.69
2022-07-04,90203000,32523000,"ICEU","B2209",110.67,110.66,110.69
2022-07-04,90204000,32524000,"ICEU","B2209",110.66,110.65,110.69
2022-07-04,90205000,32525000,"ICEU","B2209",110.67,110.65,110.69
2022-07-04,90206000,32526000,"ICEU","B2209",110.67,110.66,110.69
2022-07-04,90207000,32527000,"ICEU","B2209",110.69,110.67,110.71
2022-07-04,90208000,32528000,"ICEU","B2209",110.69,110.66,110.69
2022-07-04,90209000,32529000,"ICEU","B2209",110.69,110.66,110.67
2022-07-04,90210000,32530000,"ICEU","B2209",110.69,110.66,110.69
2022-07-04,90211000,32531000,"ICEU","B2209",110.66,110.63,110.66
2022-07-04,90213000,32533000,"ICEU","B2209",110.63,110.61,110.63
2022-07-04,90214000,32534000,"ICEU","B2209",110.6,110.6,110.63
2022-07-04,90215000,32535000,"ICEU","B2209",110.62,110.6,110.63
2022-07-04,90216000,32536000,"ICEU","B2209",110.62,110.6,110.62
2022-07-04,90217000,32537000,"ICEU","B2209",110.64,110.63,110.65
2022-07-04,90218000,32538000,"ICEU","B2209",110.67,110.66,110.69
2022-07-04,90219000,32539000,"ICEU","B2209",110.67,110.65,110.69
2022-07-04,90220000,32540000,"ICEU","B2209",110.66,110.65,110.67
2022-07-04,90221000,32541000,"ICEU","B2209",110.65,110.64,110.67
2022-07-04,90222000,32542000,"ICEU","B2209",110.63,110.63,110.66
2022-07-04,90223000,32543000,"ICEU","B2209",110.67,110.65,110.68
2022-07-04,90224000,32544000,"ICEU","B2209",110.68,110.66,110.69
2022-07-04,90225000,32545000,"ICEU","B2209",110.68,110.66,110.69
2022-07-04,90226000,32546000,"ICEU","B2209",110.66,110.66,110.69
2022-07-04,90227000,32547000,"ICEU","B2209",110.66,110.65,110.69
2022-07-04,90228000,32548000,"ICEU","B2209",110.69,110.68,110.71
2022-07-04,90229000,32549000,"ICEU","B2209",110.68,110.68,110.71
2022-07-04,90230000,32550000,"ICEU","B2209",110.68,110.67,110.71
2022-07-04,90231000,32551000,"ICEU","B2209",110.68,110.68,110.73
2022-07-04,90232000,32552000,"ICEU","B2209",110.68,110.68,110.73
2022-07-04,90233000,32553000,"ICEU","B2209",110.68,110.68,110.72
2022-07-04,90234000,32554000,"ICEU","B2209",110.68,110.69,110.74
2022-07-04,90235000,32555000,"ICEU","B2209",110.68,110.69,110.74
2022-07-04,90236000,32556000,"ICEU","B2209",110.68,110.7,110.74
2022-07-04,90237000,32557000,"ICEU","B2209",110.68,110.7,110.74
2022-07-04,90238000,32558000,"ICEU","B2209",110.68,110.7,110.73
2022-07-04,90239000,32559000,"ICEU","B2209",110.68,110.7,110.73
2022-07-04,90240000,32560000,"ICEU","B2209",110.68,110.7,110.72
2022-07-04,90241000,32561000,"ICEU","B2209",110.7,110.69,110.73
2022-07-04,90242000,32562000,"ICEU","B2209",110.7,110.7,110.74
2022-07-04,90243000,32563000,"ICEU","B2209",110.7,110.7,110.74
2022-07-04,90245000,32565000,"ICEU","B2209",110.7,110.7,110.74
2022-07-04,90246000,32566000,"ICEU","B2209",110.74,110.72,110.76
2022-07-04,90247000,32567000,"ICEU","B2209",110.74,110.72,110.76
2022-07-04,90248000,32568000,"ICEU","B2209",110.74,110.72,110.76
2022-07-04,90249000,32569000,"ICEU","B2209",110.74,110.71,110.74
2022-07-04,90250000,32570000,"ICEU","B2209",110.74,110.71,110.74
2022-07-04,90251000,32571000,"ICEU","B2209",110.74,110.71,110.74
2022-07-04,90252000,32572000,"ICEU","B2209",110.74,110.71,110.74
2022-07-04,90253000,32573000,"ICEU","B2209",110.74,110.71,110.74
2022-07-04,90254000,32574000,"ICEU","B2209",110.71,110.68,110.71
2022-07-04,90256000,32576000,"ICEU","B2209",110.71,110.67,110.7
2022-07-04,90258000,32578000,"ICEU","B2209",110.71,110.66,110.69
2022-07-04,90259000,32579000,"ICEU","B2209",110.68,110.69,110.73
2022-07-04,90300000,32580000,"ICEU","B2209",110.68,110.69,110.73
2022-07-04,90301000,32581000,"ICEU","B2209",110.69,110.67,110.7
2022-07-04,90302000,32582000,"ICEU","B2209",110.69,110.69,110.73
2022-07-04,90303000,32583000,"ICEU","B2209",110.68,110.66,110.7
2022-07-04,90304000,32584000,"ICEU","B2209",110.66,110.64,110.67
2022-07-04,90305000,32585000,"ICEU","B2209",110.66,110.64,110.66
2022-07-04,90306000,32586000,"ICEU","B2209",110.66,110.65,110.68
2022-07-04,90307000,32587000,"ICEU","B2209",110.66,110.65,110.68
2022-07-04,90308000,32588000,"ICEU","B2209",110.66,110.65,110.68
2022-07-04,90309000,32589000,"ICEU","B2209",110.66,110.65,110.68
2022-07-04,90310000,32590000,"ICEU","B2209",110.66,110.65,110.67
2022-07-04,90311000,32591000,"ICEU","B2209",110.66,110.61,110.63
2022-07-04,90312000,32592000,"ICEU","B2209",110.64,110.63,110.66
2022-07-04,90313000,32593000,"ICEU","B2209",110.64,110.63,110.66
2022-07-04,90314000,32594000,"ICEU","B2209",110.64,110.63,110.66
2022-07-04,90315000,32595000,"ICEU","B2209",110.64,110.62,110.66
2022-07-04,90316000,32596000,"ICEU","B2209",110.64,110.6,110.65
2022-07-04,90317000,32597000,"ICEU","B2209",110.64,110.6,110.64
2022-07-04,90318000,32598000,"ICEU","B2209",110.64,110.62,110.66
2022-07-04,90319000,32599000,"ICEU","B2209",110.64,110.62,110.66
2022-07-04,90320000,32600000,"ICEU","B2209",110.64,110.62,110.66
2022-07-04,90321000,32601000,"ICEU","B2209",110.64,110.64,110.66
2022-07-04,90322000,32602000,"ICEU","B2209",110.64,110.63,110.67
2022-07-04,90323000,32603000,"ICEU","B2209",110.64,110.61,110.65
2022-07-04,90324000,32604000,"ICEU","B2209",110.64,110.61,110.64
2022-07-04,90325000,32605000,"ICEU","B2209",110.64,110.61,110.64
2022-07-04,90326000,32606000,"ICEU","B2209",110.63,110.62,110.66
2022-07-04,90327000,32607000,"ICEU","B2209",110.63,110.63,110.67
2022-07-04,90329000,32609000,"ICEU","B2209",110.63,110.63,110.67
2022-07-04,90330000,32610000,"ICEU","B2209",110.63,110.63,110.69
2022-07-04,90332000,32612000,"ICEU","B2209",110.63,110.65,110.69
2022-07-04,90333000,32613000,"ICEU","B2209",110.65,110.64,110.68
2022-07-04,90334000,32614000,"ICEU","B2209",110.65,110.64,110.68
2022-07-04,90335000,32615000,"ICEU","B2209",110.65,110.64,110.68
2022-07-04,90336000,32616000,"ICEU","B2209",110.68,110.67,110.72
2022-07-04,90337000,32617000,"ICEU","B2209",110.68,110.68,110.72
2022-07-04,90338000,32618000,"ICEU","B2209",110.68,110.68,110.72
2022-07-04,90339000,32619000,"ICEU","B2209",110.68,110.68,110.72
2022-07-04,90340000,32620000,"ICEU","B2209",110.68,110.7,110.74
2022-07-04,90341000,32621000,"ICEU","B2209",110.68,110.7,110.74
2022-07-04,90343000,32623000,"ICEU","B2209",110.68,110.7,110.74
2022-07-04,90344000,32624000,"ICEU","B2209",110.68,110.7,110.75
2022-07-04,90346000,32626000,"ICEU","B2209",110.68,110.72,110.76
2022-07-04,90347000,32627000,"ICEU","B2209",110.68,110.72,110.76
2022-07-04,90348000,32628000,"ICEU","B2209",110.68,110.72,110.76
2022-07-04,90349000,32629000,"ICEU","B2209",110.68,110.72,110.75
2022-07-04,90350000,32630000,"ICEU","B2209",110.68,110.72,110.75
2022-07-04,90351000,32631000,"ICEU","B2209",110.72,110.7,110.72
2022-07-04,90352000,32632000,"ICEU","B2209",110.72,110.7,110.72
2022-07-04,90353000,32633000,"ICEU","B2209",110.72,110.7,110.72
2022-07-04,90354000,32634000,"ICEU","B2209",110.72,110.71,110.74
2022-07-04,90355000,32635000,"ICEU","B2209",110.72,110.71,110.74
2022-07-04,90356000,32636000,"ICEU","B2209",110.72,110.71,110.73
2022-07-04,90357000,32637000,"ICEU","B2209",110.72,110.71,110.75
2022-07-04,90358000,32638000,"ICEU","B2209",110.72,110.72,110.76
2022-07-04,90359000,32639000,"ICEU","B2209",110.72,110.72,110.76
2022-07-04,90400000,32640000,"ICEU","B2209",110.72,110.71,110.73
2022-07-04,90401000,32641000,"ICEU","B2209",110.7,110.7,110.72
2022-07-04,90402000,32642000,"ICEU","B2209",110.7,110.69,110.72
2022-07-04,90403000,32643000,"ICEU","B2209",110.67,110.67,110.72
2022-07-04,90404000,32644000,"ICEU","B2209",110.67,110.68,110.72
2022-07-04,90405000,32645000,"ICEU","B2209",110.67,110.67,110.7
2022-07-04,90406000,32646000,"ICEU","B2209",110.67,110.66,110.7
2022-07-04,90407000,32647000,"ICEU","B2209",110.67,110.66,110.7
2022-07-04,90411000,32651000,"ICEU","B2209",110.67,110.67,110.71
2022-07-04,90412000,32652000,"ICEU","B2209",110.66,110.66,110.68
2022-07-04,90413000,32653000,"ICEU","B2209",110.66,110.64,110.68
2022-07-04,90414000,32654000,"ICEU","B2209",110.66,110.64,110.68
2022-07-04,90416000,32656000,"ICEU","B2209",110.66,110.66,110.71
2022-07-04,90417000,32657000,"ICEU","B2209",110.66,110.66,110.71
2022-07-04,90419000,32659000,"ICEU","B2209",110.66,110.66,110.71
2022-07-04,90421000,32661000,"ICEU","B2209",110.66,110.65,110.7
2022-07-04,90422000,32662000,"ICEU","B2209",110.66,110.65,110.7
2022-07-04,90423000,32663000,"ICEU","B2209",110.66,110.66,110.7
2022-07-04,90424000,32664000,"ICEU","B2209",110.66,110.66,110.7
2022-07-04,90426000,32666000,"ICEU","B2209",110.66,110.66,110.69
2022-07-04,90427000,32667000,"ICEU","B2209",110.66,110.66,110.69
2022-07-04,90428000,32668000,"ICEU","B2209",110.7,110.67,110.71
2022-07-04,90429000,32669000,"ICEU","B2209",110.67,110.67,110.69
2022-07-04,90430000,32670000,"ICEU","B2209",110.67,110.65,110.68
2022-07-04,90431000,32671000,"ICEU","B2209",110.67,110.65,110.69
2022-07-04,90432000,32672000,"ICEU","B2209",110.67,110.66,110.7
2022-07-04,90433000,32673000,"ICEU","B2209",110.67,110.66,110.7
2022-07-04,90434000,32674000,"ICEU","B2209",110.67,110.64,110.68
2022-07-04,90435000,32675000,"ICEU","B2209",110.67,110.64,110.68
2022-07-04,90436000,32676000,"ICEU","B2209",110.67,110.64,110.68
2022-07-04,90437000,32677000,"ICEU","B2209",110.67,110.65,110.68
2022-07-04,90438000,32678000,"ICEU","B2209",110.67,110.66,110.7
2022-07-04,90441000,32681000,"ICEU","B2209",110.67,110.66,110.7
2022-07-04,90445000,32685000,"ICEU","B2209",110.67,110.66,110.7
2022-07-04,90446000,32686000,"ICEU","B2209",110.67,110.66,110.7
2022-07-04,90449000,32689000,"ICEU","B2209",110.67,110.66,110.7
2022-07-04,90454000,32694000,"ICEU","B2209",110.7,110.67,110.71
2022-07-04,90455000,32695000,"ICEU","B2209",110.7,110.68,110.72
2022-07-04,90456000,32696000,"ICEU","B2209",110.7,110.68,110.72
2022-07-04,90457000,32697000,"ICEU","B2209",110.72,110.72,110.77
2022-07-04,90458000,32698000,"ICEU","B2209",110.72,110.73,110.76
2022-07-04,90459000,32699000,"ICEU","B2209",110.72,110.73,110.77
2022-07-04,90500000,32700000,"ICEU","B2209",110.72,110.73,110.76
2022-07-04,90501000,32701000,"ICEU","B2209",110.72,110.73,110.76
2022-07-04,90502000,32702000,"ICEU","B2209",110.73,110.7,110.73
2022-07-04,90503000,32703000,"ICEU","B2209",110.73,110.7,110.72
2022-07-04,90504000,32704000,"ICEU","B2209",110.73,110.73,110.75
2022-07-04,90505000,32705000,"ICEU","B2209",110.75,110.75,110.78
2022-07-04,90506000,32706000,"ICEU","B2209",110.75,110.75,110.78
2022-07-04,90507000,32707000,"ICEU","B2209",110.75,110.75,110.78
2022-07-04,90508000,32708000,"ICEU","B2209",110.75,110.75,110.77
2022-07-04,90509000,32709000,"ICEU","B2209",110.75,110.75,110.77
2022-07-04,90510000,32710000,"ICEU","B2209",110.75,110.77,110.79
2022-07-04,90511000,32711000,"ICEU","B2209",110.79,110.8,110.82
2022-07-04,90512000,32712000,"ICEU","B2209",110.79,110.8,110.82
2022-07-04,90513000,32713000,"ICEU","B2209",110.85,110.82,110.86
2022-07-04,90514000,32714000,"ICEU","B2209",110.85,110.83,110.86
2022-07-04,90515000,32715000,"ICEU","B2209",110.83,110.81,110.84
2022-07-04,90516000,32716000,"ICEU","B2209",110.83,110.81,110.85
2022-07-04,90517000,32717000,"ICEU","B2209",110.83,110.83,110.87
2022-07-04,90518000,32718000,"ICEU","B2209",110.83,110.84,110.88
2022-07-04,90519000,32719000,"ICEU","B2209",110.83,110.84,110.88
2022-07-04,90520000,32720000,"ICEU","B2209",110.83,110.86,110.9
2022-07-04,90521000,32721000,"ICEU","B2209",110.83,110.86,110.9
2022-07-04,90522000,32722000,"ICEU","B2209",110.83,110.86,110.9
2022-07-04,90523000,32723000,"ICEU","B2209",110.83,110.86,110.9
2022-07-04,90524000,32724000,"ICEU","B2209",110.85,110.87,110.9
2022-07-04,90526000,32726000,"ICEU","B2209",110.85,110.87,110.92
2022-07-04,90527000,32727000,"ICEU","B2209",110.85,110.88,110.92
2022-07-04,90528000,32728000,"ICEU","B2209",110.85,110.89,110.92
2022-07-04,90529000,32729000,"ICEU","B2209",110.85,110.9,110.92
2022-07-04,90530000,32730000,"ICEU","B2209",110.9,110.89,110.92
2022-07-04,90531000,32731000,"ICEU","B2209",110.9,110.89,110.92
2022-07-04,90532000,32732000,"ICEU","B2209",110.88,110.87,110.92
2022-07-04,90533000,32733000,"ICEU","B2209",110.92,110.91,110.94
2022-07-04,90534000,32734000,"ICEU","B2209",110.92,110.91,110.94
2022-07-04,90536000,32736000,"ICEU","B2209",110.92,110.91,110.94
2022-07-04,90537000,32737000,"ICEU","B2209",110.93,110.91,110.94
2022-07-04,90538000,32738000,"ICEU","B2209",110.93,110.91,110.94
2022-07-04,90539000,32739000,"ICEU","B2209",110.87,110.88,110.92
2022-07-04,90540000,32740000,"ICEU","B2209",110.88,110.85,110.89
2022-07-04,90541000,32741000,"ICEU","B2209",110.88,110.83,110.87
2022-07-04,90542000,32742000,"ICEU","B2209",110.88,110.82,110.86
2022-07-04,90543000,32743000,"ICEU","B2209",110.84,110.82,110.86
2022-07-04,90544000,32744000,"ICEU","B2209",110.84,110.82,110.87
2022-07-04,90545000,32745000,"ICEU","B2209",110.84,110.82,110.86
2022-07-04,90546000,32746000,"ICEU","B2209",110.84,110.84,110.88
2022-07-04,90547000,32747000,"ICEU","B2209",110.84,110.83,110.87
2022-07-04,90548000,32748000,"ICEU","B2209",110.84,110.84,110.87
2022-07-04,90549000,32749000,"ICEU","B2209",110.84,110.84,110.87
2022-07-04,90550000,32750000,"ICEU","B2209",110.84,110.85,110.89
2022-07-04,90551000,32751000,"ICEU","B2209",110.84,110.85,110.89
2022-07-04,90552000,32752000,"ICEU","B2209",110.84,110.84,110.88
2022-07-04,90553000,32753000,"ICEU","B2209",110.84,110.84,110.88
2022-07-04,90554000,32754000,"ICEU","B2209",110.84,110.8,110.84
2022-07-04,90555000,32755000,"ICEU","B2209",110.84,110.78,110.83
2022-07-04,90556000,32756000,"ICEU","B2209",110.84,110.78,110.82
2022-07-04,90558000,32758000,"ICEU","B2209",110.84,110.76,110.8
2022-07-04,90559000,32759000,"ICEU","B2209",110.75,110.74,110.78
2022-07-04,90600000,32760000,"ICEU","B2209",110.75,110.74,110.78
2022-07-04,90601000,32761000,"ICEU","B2209",110.73,110.69,110.73
2022-07-04,90602000,32762000,"ICEU","B2209",110.73,110.69,110.73
2022-07-04,90603000,32763000,"ICEU","B2209",110.73,110.73,110.75
2022-07-04,90604000,32764000,"ICEU","B2209",110.76,110.75,110.78
2022-07-04,90605000,32765000,"ICEU","B2209",110.76,110.76,110.79
2022-07-04,90606000,32766000,"ICEU","B2209",110.79,110.78,110.81
2022-07-04,90607000,32767000,"ICEU","B2209",110.78,110.76,110.79
2022-07-04,90610000,32770000,"ICEU","B2209",110.78,110.76,110.79
2022-07-04,90611000,32771000,"ICEU","B2209",110.78,110.76,110.78
2022-07-04,90612000,32772000,"ICEU","B2209",110.78,110.76,110.79
2022-07-04,90613000,32773000,"ICEU","B2209",110.78,110.76,110.79
2022-07-04,90615000,32775000,"ICEU","B2209",110.78,110.77,110.8
2022-07-04,90616000,32776000,"ICEU","B2209",110.78,110.77,110.79
2022-07-04,90617000,32777000,"ICEU","B2209",110.78,110.76,110.78
2022-07-04,90618000,32778000,"ICEU","B2209",110.78,110.76,110.78
2022-07-04,90619000,32779000,"ICEU","B2209",110.76,110.73,110.75
2022-07-04,90620000,32780000,"ICEU","B2209",110.72,110.7,110.74
2022-07-04,90621000,32781000,"ICEU","B2209",110.72,110.7,110.74
2022-07-04,90622000,32782000,"ICEU","B2209",110.72,110.7,110.74
2022-07-04,90623000,32783000,"ICEU","B2209",110.72,110.7,110.72
2022-07-04,90624000,32784000,"ICEU","B2209",110.72,110.71,110.73
2022-07-04,90625000,32785000,"ICEU","B2209",110.72,110.71,110.73
2022-07-04,90626000,32786000,"ICEU","B2209",110.76,110.74,110.77
2022-07-04,90627000,32787000,"ICEU","B2209",110.74,110.71,110.75
2022-07-04,90628000,32788000,"ICEU","B2209",110.71,110.71,110.75
2022-07-04,90629000,32789000,"ICEU","B2209",110.71,110.71,110.73
2022-07-04,90630000,32790000,"ICEU","B2209",110.73,110.72,110.75
2022-07-04,90631000,32791000,"ICEU","B2209",110.73,110.73,110.75
2022-07-04,90632000,32792000,"ICEU","B2209",110.73,110.73,110.76
2022-07-04,90633000,32793000,"ICEU","B2209",110.72,110.71,110.74
2022-07-04,90635000,32795000,"ICEU","B2209",110.72,110.71,110.74
2022-07-04,90636000,32796000,"ICEU","B2209",110.7,110.69,110.73
2022-07-04,90637000,32797000,"ICEU","B2209",110.69,110.67,110.71
2022-07-04,90638000,32798000,"ICEU","B2209",110.67,110.67,110.69
2022-07-04,90640000,32800000,"ICEU","B2209",110.67,110.66,110.69
2022-07-04,90641000,32801000,"ICEU","B2209",110.67,110.67,110.71
2022-07-04,90642000,32802000,"ICEU","B2209",110.67,110.7,110.72
2022-07-04,90643000,32803000,"ICEU","B2209",110.67,110.7,110.72
2022-07-04,90644000,32804000,"ICEU","B2209",110.67,110.7,110.73
2022-07-04,90645000,32805000,"ICEU","B2209",110.67,110.69,110.73
2022-07-04,90646000,32806000,"ICEU","B2209",110.67,110.68,110.71
2022-07-04,90647000,32807000,"ICEU","B2209",110.67,110.7,110.73
2022-07-04,90648000,32808000,"ICEU","B2209",110.67,110.7,110.73
2022-07-04,90650000,32810000,"ICEU","B2209",110.67,110.71,110.73
2022-07-04,90651000,32811000,"ICEU","B2209",110.67,110.73,110.75
2022-07-04,90652000,32812000,"ICEU","B2209",110.73,110.72,110.75
2022-07-04,90653000,32813000,"ICEU","B2209",110.71,110.7,110.72
2022-07-04,90654000,32814000,"ICEU","B2209",110.71,110.7,110.72
2022-07-04,90655000,32815000,"ICEU","B2209",110.7,110.69,110.72
2022-07-04,90656000,32816000,"ICEU","B2209",110.7,110.72,110.73
2022-07-04,90657000,32817000,"ICEU","B2209",110.7,110.71,110.73
2022-07-04,90658000,32818000,"ICEU","B2209",110.75,110.75,110.78
2022-07-04,90659000,32819000,"ICEU","B2209",110.75,110.75,110.78
2022-07-04,90701000,32821000,"ICEU","B2209",110.78,110.77,110.8
2022-07-04,90702000,32822000,"ICEU","B2209",110.78,110.77,110.79
2022-07-04,90703000,32823000,"ICEU","B2209",110.79,110.79,110.81
2022-07-04,90704000,32824000,"ICEU","B2209",110.79,110.79,110.81
2022-07-04,90705000,32825000,"ICEU","B2209",110.78,110.78,110.81
2022-07-04,90706000,32826000,"ICEU","B2209",110.78,110.78,110.81
2022-07-04,90707000,32827000,"ICEU","B2209",110.78,110.69,110.72
2022-07-04,90708000,32828000,"ICEU","B2209",110.78,110.69,110.72
2022-07-04,90709000,32829000,"ICEU","B2209",110.78,110.67,110.7
2022-07-04,90710000,32830000,"ICEU","B2209",110.78,110.67,110.69
2022-07-04,90711000,32831000,"ICEU","B2209",110.69,110.67,110.69
2022-07-04,90713000,32833000,"ICEU","B2209",110.68,110.65,110.68
2022-07-04,90714000,32834000,"ICEU","B2209",110.68,110.64,110.66
2022-07-04,90715000,32835000,"ICEU","B2209",110.68,110.64,110.66
2022-07-04,90716000,32836000,"ICEU","B2209",110.65,110.63,110.65
2022-07-04,90717000,32837000,"ICEU","B2209",110.65,110.64,110.66
2022-07-04,90718000,32838000,"ICEU","B2209",110.67,110.66,110.68
2022-07-04,90719000,32839000,"ICEU","B2209",110.67,110.66,110.69
2022-07-04,90720000,32840000,"ICEU","B2209",110.67,110.68,110.7
2022-07-04,90722000,32842000,"ICEU","B2209",110.67,110.7,110.73
2022-07-04,90723000,32843000,"ICEU","B2209",110.67,110.7,110.73
2022-07-04,90724000,32844000,"ICEU","B2209",110.67,110.69,110.72
2022-07-04,90727000,32847000,"ICEU","B2209",110.67,110.68,110.72
2022-07-04,90729000,32849000,"ICEU","B2209",110.69,110.67,110.7
2022-07-04,90730000,32850000,"ICEU","B2209",110.68,110.67,110.7
2022-07-04,90731000,32851000,"ICEU","B2209",110.68,110.67,110.7
2022-07-04,90732000,32852000,"ICEU","B2209",110.68,110.67,110.7
2022-07-04,90733000,32853000,"ICEU","B2209",110.68,110.67,110.69
2022-07-04,90735000,32855000,"ICEU","B2209",110.72,110.7,110.72
2022-07-04,90736000,32856000,"ICEU","B2209",110.71,110.69,110.72
2022-07-04,90737000,32857000,"ICEU","B2209",110.71,110.69,110.72
2022-07-04,90738000,32858000,"ICEU","B2209",110.71,110.69,110.72
2022-07-04,90739000,32859000,"ICEU","B2209",110.71,110.66,110.69
2022-07-04,90740000,32860000,"ICEU","B2209",110.71,110.66,110.69
2022-07-04,90741000,32861000,"ICEU","B2209",110.69,110.68,110.71
2022-07-04,90742000,32862000,"ICEU","B2209",110.69,110.68,110.71
2022-07-04,90743000,32863000,"ICEU","B2209",110.69,110.68,110.7
2022-07-04,90744000,32864000,"ICEU","B2209",110.68,110.65,110.69
2022-07-04,90746000,32866000,"ICEU","B2209",110.66,110.65,110.69
2022-07-04,90747000,32867000,"ICEU","B2209",110.65,110.63,110.66
2022-07-04,90748000,32868000,"ICEU","B2209",110.66,110.65,110.68
2022-07-04,90749000,32869000,"ICEU","B2209",110.68,110.66,110.7
2022-07-04,90750000,32870000,"ICEU","B2209",110.65,110.6,110.63
2022-07-04,90751000,32871000,"ICEU","B2209",110.65,110.61,110.64
2022-07-04,90753000,32873000,"ICEU","B2209",110.65,110.62,110.64
2022-07-04,90754000,32874000,"ICEU","B2209",110.65,110.63,110.64
2022-07-04,90755000,32875000,"ICEU","B2209",110.62,110.61,110.64
2022-07-04,90756000,32876000,"ICEU","B2209",110.62,110.61,110.64
2022-07-04,90757000,32877000,"ICEU","B2209",110.62,110.61,110.63
2022-07-04,90758000,32878000,"ICEU","B2209",110.59,110.58,110.61
2022-07-04,90759000,32879000,"ICEU","B2209",110.59,110.61,110.64
2022-07-04,90800000,32880000,"ICEU","B2209",110.59,110.62,110.64
2022-07-04,90801000,32881000,"ICEU","B2209",110.62,110.61,110.64
2022-07-04,90802000,32882000,"ICEU","B2209",110.62,110.61,110.64
2022-07-04,90803000,32883000,"ICEU","B2209",110.62,110.62,110.65
2022-07-04,90804000,32884000,"ICEU","B2209",110.65,110.61,110.65
2022-07-04,90805000,32885000,"ICEU","B2209",110.65,110.61,110.65
2022-07-04,90806000,32886000,"ICEU","B2209",110.6,110.6,110.64
2022-07-04,90807000,32887000,"ICEU","B2209",110.6,110.6,110.63
2022-07-04,90808000,32888000,"ICEU","B2209",110.6,110.59,110.63
2022-07-04,90809000,32889000,"ICEU","B2209",110.6,110.61,110.65
2022-07-04,90810000,32890000,"ICEU","B2209",110.6,110.61,110.65
2022-07-04,90813000,32893000,"ICEU","B2209",110.6,110.6,110.65
2022-07-04,90814000,32894000,"ICEU","B2209",110.6,110.6,110.65
2022-07-04,90815000,32895000,"ICEU","B2209",110.6,110.6,110.65
2022-07-04,90816000,32896000,"ICEU","B2209",110.6,110.6,110.63
2022-07-04,90817000,32897000,"ICEU","B2209",110.6,110.6,110.64
2022-07-04,90819000,32899000,"ICEU","B2209",110.64,110.61,110.65
2022-07-04,90820000,32900000,"ICEU","B2209",110.64,110.61,110.65
2022-07-04,90821000,32901000,"ICEU","B2209",110.65,110.63,110.69
2022-07-04,90822000,32902000,"ICEU","B2209",110.65,110.64,110.69
2022-07-04,90823000,32903000,"ICEU","B2209",110.65,110.64,110.67
2022-07-04,90825000,32905000,"ICEU","B2209",110.59,110.59,110.62
2022-07-04,90826000,32906000,"ICEU","B2209",110.6,110.58,110.61
2022-07-04,90827000,32907000,"ICEU","B2209",110.6,110.59,110.63
2022-07-04,90828000,32908000,"ICEU","B2209",110.6,110.59,110.64
2022-07-04,90830000,32910000,"ICEU","B2209",110.6,110.6,110.64
2022-07-04,90831000,32911000,"ICEU","B2209",110.6,110.6,110.65
2022-07-04,90832000,32912000,"ICEU","B2209",110.6,110.6,110.65
2022-07-04,90833000,32913000,"ICEU","B2209",110.6,110.6,110.65
2022-07-04,90835000,32915000,"ICEU","B2209",110.6,110.59,110.64
2022-07-04,90836000,32916000,"ICEU","B2209",110.6,110.6,110.64
2022-07-04,90837000,32917000,"ICEU","B2209",110.6,110.61,110.65
2022-07-04,90838000,32918000,"ICEU","B2209",110.6,110.6,110.65
2022-07-04,90839000,32919000,"ICEU","B2209",110.6,110.6,110.65
2022-07-04,90840000,32920000,"ICEU","B2209",110.6,110.62,110.65
2022-07-04,90841000,32921000,"ICEU","B2209",110.6,110.62,110.66
2022-07-04,90843000,32923000,"ICEU","B2209",110.6,110.63,110.68
2022-07-04,90844000,32924000,"ICEU","B2209",110.6,110.63,110.67
2022-07-04,90845000,32925000,"ICEU","B2209",110.6,110.62,110.66
2022-07-04,90846000,32926000,"ICEU","B2209",110.6,110.62,110.66
2022-07-04,90847000,32927000,"ICEU","B2209",110.6,110.59,110.63
2022-07-04,90848000,32928000,"ICEU","B2209",110.6,110.6,110.64
2022-07-04,90849000,32929000,"ICEU","B2209",110.59,110.58,110.62
2022-07-04,90850000,32930000,"ICEU","B2209",110.59,110.59,110.62
2022-07-04,90851000,32931000,"ICEU","B2209",110.59,110.59,110.63
2022-07-04,90852000,32932000,"ICEU","B2209",110.59,110.59,110.63
2022-07-04,90853000,32933000,"ICEU","B2209",110.59,110.62,110.63
2022-07-04,90854000,32934000,"ICEU","B2209",110.63,110.62,110.65
2022-07-04,90856000,32936000,"ICEU","B2209",110.62,110.61,110.64
2022-07-04,90857000,32937000,"ICEU","B2209",110.62,110.61,110.65
2022-07-04,90858000,32938000,"ICEU","B2209",110.62,110.61,110.65
2022-07-04,90859000,32939000,"ICEU","B2209",110.62,110.61,110.65
2022-07-04,90900000,32940000,"ICEU","B2209",110.62,110.6,110.64
2022-07-04,90901000,32941000,"ICEU","B2209",110.62,110.6,110.63
2022-07-04,90902000,32942000,"ICEU","B2209",110.62,110.58,110.61
2022-07-04,90903000,32943000,"ICEU","B2209",110.61,110.61,110.64
2022-07-04,90904000,32944000,"ICEU","B2209",110.61,110.6,110.64
2022-07-04,90907000,32947000,"ICEU","B2209",110.61,110.59,110.63
2022-07-04,90908000,32948000,"ICEU","B2209",110.61,110.59,110.63
2022-07-04,90911000,32951000,"ICEU","B2209",110.61,110.59,110.63
2022-07-04,90915000,32955000,"ICEU","B2209",110.61,110.59,110.63
2022-07-04,90917000,32957000,"ICEU","B2209",110.61,110.61,110.65
2022-07-04,90918000,32958000,"ICEU","B2209",110.61,110.6,110.64
2022-07-04,90919000,32959000,"ICEU","B2209",110.61,110.6,110.63
2022-07-04,90921000,32961000,"ICEU","B2209",110.61,110.58,110.62
2022-07-04,90922000,32962000,"ICEU","B2209",110.61,110.58,110.63
2022-07-04,90923000,32963000,"ICEU","B2209",110.61,110.58,110.63
2022-07-04,90924000,32964000,"ICEU","B2209",110.61,110.58,110.63
2022-07-04,90925000,32965000,"ICEU","B2209",110.61,110.58,110.62
2022-07-04,90926000,32966000,"ICEU","B2209",110.61,110.58,110.62
2022-07-04,90927000,32967000,"ICEU","B2209",110.62,110.6,110.64
2022-07-04,90928000,32968000,"ICEU","B2209",110.62,110.62,110.67
2022-07-04,90930000,32970000,"ICEU","B2209",110.62,110.62,110.66
2022-07-04,90931000,32971000,"ICEU","B2209",110.59,110.56,110.59
2022-07-04,90932000,32972000,"ICEU","B2209",110.58,110.55,110.59
2022-07-04,90933000,32973000,"ICEU","B2209",110.58,110.56,110.59
2022-07-04,90934000,32974000,"ICEU","B2209",110.58,110.55,110.59
2022-07-04,90935000,32975000,"ICEU","B2209",110.59,110.55,110.59
2022-07-04,90936000,32976000,"ICEU","B2209",110.59,110.55,110.58
2022-07-04,90937000,32977000,"ICEU","B2209",110.59,110.56,110.59
2022-07-04,90938000,32978000,"ICEU","B2209",110.59,110.55,110.59
2022-07-04,90940000,32980000,"ICEU","B2209",110.59,110.55,110.59
2022-07-04,90941000,32981000,"ICEU","B2209",110.59,110.56,110.59
2022-07-04,90942000,32982000,"ICEU","B2209",110.59,110.56,110.59
2022-07-04,90943000,32983000,"ICEU","B2209",110.59,110.57,110.59
2022-07-04,90946000,32986000,"ICEU","B2209",110.56,110.56,110.59
2022-07-04,90947000,32987000,"ICEU","B2209",110.56,110.56,110.59
2022-07-04,90948000,32988000,"ICEU","B2209",110.56,110.56,110.59
2022-07-04,90949000,32989000,"ICEU","B2209",110.59,110.58,110.59
2022-07-04,90950000,32990000,"ICEU","B2209",110.59,110.57,110.59
2022-07-04,90951000,32991000,"ICEU","B2209",110.59,110.57,110.59
2022-07-04,90952000,32992000,"ICEU","B2209",110.59,110.57,110.59
2022-07-04,90955000,32995000,"ICEU","B2209",110.59,110.6,110.63
2022-07-04,90956000,32996000,"ICEU","B2209",110.59,110.61,110.64
2022-07-04,90959000,32999000,"ICEU","B2209",110.61,110.6,110.63
2022-07-04,9.1e+07,33000000,"ICEU","B2209",110.61,110.6,110.64
2022-07-04,91001000,33001000,"ICEU","B2209",110.61,110.6,110.64
2022-07-04,91002000,33002000,"ICEU","B2209",110.61,110.6,110.64
2022-07-04,91003000,33003000,"ICEU","B2209",110.61,110.6,110.64
2022-07-04,91004000,33004000,"ICEU","B2209",110.61,110.62,110.65
2022-07-04,91005000,33005000,"ICEU","B2209",110.61,110.62,110.66
2022-07-04,91006000,33006000,"ICEU","B2209",110.63,110.63,110.67
2022-07-04,91007000,33007000,"ICEU","B2209",110.63,110.63,110.67
2022-07-04,91008000,33008000,"ICEU","B2209",110.63,110.63,110.68
2022-07-04,91009000,33009000,"ICEU","B2209",110.63,110.63,110.67
2022-07-04,91010000,33010000,"ICEU","B2209",110.63,110.63,110.66
2022-07-04,91011000,33011000,"ICEU","B2209",110.63,110.62,110.66
2022-07-04,91012000,33012000,"ICEU","B2209",110.63,110.62,110.68
2022-07-04,91013000,33013000,"ICEU","B2209",110.63,110.64,110.68
2022-07-04,91014000,33014000,"ICEU","B2209",110.63,110.64,110.68
2022-07-04,91015000,33015000,"ICEU","B2209",110.63,110.65,110.68
2022-07-04,91016000,33016000,"ICEU","B2209",110.65,110.64,110.67
2022-07-04,91017000,33017000,"ICEU","B2209",110.64,110.62,110.67
2022-07-04,91018000,33018000,"ICEU","B2209",110.64,110.65,110.68
2022-07-04,91020000,33020000,"ICEU","B2209",110.68,110.65,110.69
2022-07-04,91023000,33023000,"ICEU","B2209",110.69,110.67,110.72
2022-07-04,91024000,33024000,"ICEU","B2209",110.69,110.68,110.71
2022-07-04,91025000,33025000,"ICEU","B2209",110.69,110.68,110.71
2022-07-04,91026000,33026000,"ICEU","B2209",110.68,110.67,110.69
2022-07-04,91027000,33027000,"ICEU","B2209",110.68,110.66,110.69
2022-07-04,91028000,33028000,"ICEU","B2209",110.68,110.66,110.71
2022-07-04,91030000,33030000,"ICEU","B2209",110.68,110.67,110.71
2022-07-04,91031000,33031000,"ICEU","B2209",110.68,110.67,110.71
2022-07-04,91032000,33032000,"ICEU","B2209",110.68,110.68,110.72
2022-07-04,91034000,33034000,"ICEU","B2209",110.68,110.68,110.71
2022-07-04,91035000,33035000,"ICEU","B2209",110.68,110.67,110.71
2022-07-04,91036000,33036000,"ICEU","B2209",110.68,110.66,110.71
2022-07-04,91037000,33037000,"ICEU","B2209",110.68,110.66,110.71
2022-07-04,91038000,33038000,"ICEU","B2209",110.66,110.66,110.69
2022-07-04,91039000,33039000,"ICEU","B2209",110.66,110.67,110.71
2022-07-04,91040000,33040000,"ICEU","B2209",110.66,110.67,110.71
2022-07-04,91041000,33041000,"ICEU","B2209",110.66,110.67,110.71
2022-07-04,91042000,33042000,"ICEU","B2209",110.72,110.7,110.74
2022-07-04,91043000,33043000,"ICEU","B2209",110.72,110.7,110.74
2022-07-04,91044000,33044000,"ICEU","B2209",110.72,110.71,110.74
2022-07-04,91046000,33046000,"ICEU","B2209",110.72,110.72,110.76
2022-07-04,91047000,33047000,"ICEU","B2209",110.72,110.72,110.75
2022-07-04,91048000,33048000,"ICEU","B2209",110.75,110.73,110.78
2022-07-04,91050000,33050000,"ICEU","B2209",110.75,110.74,110.78
2022-07-04,91053000,33053000,"ICEU","B2209",110.75,110.74,110.78
2022-07-04,91054000,33054000,"ICEU","B2209",110.81,110.77,110.81
2022-07-04,91055000,33055000,"ICEU","B2209",110.78,110.76,110.8
2022-07-04,91056000,33056000,"ICEU","B2209",110.78,110.74,110.78
2022-07-04,91057000,33057000,"ICEU","B2209",110.78,110.74,110.78
2022-07-04,91058000,33058000,"ICEU","B2209",110.78,110.74,110.78
2022-07-04,91059000,33059000,"ICEU","B2209",110.78,110.74,110.79
2022-07-04,91100000,33060000,"ICEU","B2209",110.78,110.74,110.79
2022-07-04,91101000,33061000,"ICEU","B2209",110.78,110.76,110.81
2022-07-04,91102000,33062000,"ICEU","B2209",110.78,110.76,110.81
2022-07-04,91103000,33063000,"ICEU","B2209",110.78,110.74,110.78
2022-07-04,91105000,33065000,"ICEU","B2209",110.78,110.73,110.77
2022-07-04,91106000,33066000,"ICEU","B2209",110.78,110.72,110.76
2022-07-04,91107000,33067000,"ICEU","B2209",110.78,110.73,110.77
2022-07-04,91108000,33068000,"ICEU","B2209",110.78,110.75,110.79
2022-07-04,91109000,33069000,"ICEU","B2209",110.78,110.75,110.79
2022-07-04,91110000,33070000,"ICEU","B2209",110.78,110.75,110.8
2022-07-04,91111000,33071000,"ICEU","B2209",110.81,110.77,110.82
2022-07-04,91112000,33072000,"ICEU","B2209",110.81,110.77,110.82
2022-07-04,91113000,33073000,"ICEU","B2209",110.81,110.77,110.81
2022-07-04,91114000,33074000,"ICEU","B2209",110.81,110.76,110.8
2022-07-04,91115000,33075000,"ICEU","B2209",110.81,110.75,110.8
2022-07-04,91116000,33076000,"ICEU","B2209",110.81,110.75,110.8
2022-07-04,91117000,33077000,"ICEU","B2209",110.81,110.75,110.78
2022-07-04,91118000,33078000,"ICEU","B2209",110.81,110.75,110.78
2022-07-04,91119000,33079000,"ICEU","B2209",110.75,110.72,110.76
2022-07-04,91120000,33080000,"ICEU","B2209",110.75,110.72,110.75
2022-07-04,91121000,33081000,"ICEU","B2209",110.75,110.72,110.75
2022-07-04,91123000,33083000,"ICEU","B2209",110.75,110.69,110.73
2022-07-04,91124000,33084000,"ICEU","B2209",110.75,110.69,110.73
2022-07-04,91125000,33085000,"ICEU","B2209",110.75,110.69,110.73
2022-07-04,91126000,33086000,"ICEU","B2209",110.75,110.67,110.71
2022-07-04,91127000,33087000,"ICEU","B2209",110.75,110.66,110.7
2022-07-04,91129000,33089000,"ICEU","B2209",110.75,110.66,110.69
2022-07-04,91130000,33090000,"ICEU","B2209",110.69,110.67,110.71
2022-07-04,91131000,33091000,"ICEU","B2209",110.69,110.67,110.71
2022-07-04,91132000,33092000,"ICEU","B2209",110.69,110.67,110.71
2022-07-04,91133000,33093000,"ICEU","B2209",110.69,110.69,110.72
2022-07-04,91134000,33094000,"ICEU","B2209",110.69,110.69,110.72
2022-07-04,91135000,33095000,"ICEU","B2209",110.69,110.68,110.72
2022-07-04,91136000,33096000,"ICEU","B2209",110.7,110.68,110.71
2022-07-04,91137000,33097000,"ICEU","B2209",110.7,110.68,110.71
2022-07-04,91138000,33098000,"ICEU","B2209",110.7,110.68,110.72
2022-07-04,91140000,33100000,"ICEU","B2209",110.68,110.67,110.7
2022-07-04,91141000,33101000,"ICEU","B2209",110.68,110.67,110.72
2022-07-04,91142000,33102000,"ICEU","B2209",110.68,110.67,110.71
2022-07-04,91143000,33103000,"ICEU","B2209",110.68,110.64,110.68
2022-07-04,91144000,33104000,"ICEU","B2209",110.68,110.63,110.67
2022-07-04,91145000,33105000,"ICEU","B2209",110.68,110.62,110.66
2022-07-04,91146000,33106000,"ICEU","B2209",110.68,110.62,110.65
2022-07-04,91147000,33107000,"ICEU","B2209",110.66,110.65,110.7
