"InternalDate","Time","InternalTime","Exchange","Symbol","LastPrice","BidPrice1","AskPrice1"
2022-07-11,83008000,30608000,"ICEU","B2209",107.62,107.62,107.63
2022-07-11,83009000,30609000,"ICEU","B2209",107.62,107.62,107.63
2022-07-11,83010000,30610000,"ICEU","B2209",107.62,107.62,107.63
2022-07-11,83012000,30612000,"ICEU","B2209",107.62,107.61,107.63
2022-07-11,83013000,30613000,"ICEU","B2209",107.62,107.61,107.63
2022-07-11,83014000,30614000,"ICEU","B2209",107.63,107.64,107.66
2022-07-11,83016000,30616000,"ICEU","B2209",107.63,107.64,107.66
2022-07-11,83018000,30618000,"ICEU","B2209",107.66,107.64,107.68
2022-07-11,83019000,30619000,"ICEU","B2209",107.65,107.64,107.66
2022-07-11,83022000,30622000,"ICEU","B2209",107.65,107.64,107.67
2022-07-11,83023000,30623000,"ICEU","B2209",107.65,107.64,107.67
2022-07-11,83025000,30625000,"ICEU","B2209",107.65,107.64,107.67
2022-07-11,83027000,30627000,"ICEU","B2209",107.65,107.64,107.67
2022-07-11,83029000,30629000,"ICEU","B2209",107.65,107.64,107.67
2022-07-11,83030000,30630000,"ICEU","B2209",107.68,107.67,107.7
2022-07-11,83031000,30631000,"ICEU","B2209",107.68,107.67,107.7
2022-07-11,83032000,30632000,"ICEU","B2209",107.68,107.67,107.7
2022-07-11,83033000,30633000,"ICEU","B2209",107.68,107.67,107.7
2022-07-11,83037000,30637000,"ICEU","B2209",107.68,107.67,107.7
2022-07-11,83043000,30643000,"ICEU","B2209",107.68,107.67,107.7
2022-07-11,83044000,30644000,"ICEU","B2209",107.68,107.67,107.7
2022-07-11,83045000,30645000,"ICEU","B2209",107.68,107.68,107.71
2022-07-11,83046000,30646000,"ICEU","B2209",107.68,107.68,107.7
2022-07-11,83048000,30648000,"ICEU","B2209",107.68,107.68,107.71
2022-07-11,83049000,30649000,"ICEU","B2209",107.68,107.68,107.71
2022-07-11,83050000,30650000,"ICEU","B2209",107.68,107.68,107.71
2022-07-11,83054000,30654000,"ICEU","B2209",107.68,107.66,107.68
2022-07-11,83055000,30655000,"ICEU","B2209",107.68,107.66,107.68
2022-07-11,83057000,30657000,"ICEU","B2209",107.68,107.66,107.68
2022-07-11,83058000,30658000,"ICEU","B2209",107.68,107.66,107.68
2022-07-11,83059000,30659000,"ICEU","B2209",107.68,107.66,107.68
2022-07-11,83100000,30660000,"ICEU","B2209",107.68,107.66,107.68
2022-07-11,83102000,30662000,"ICEU","B2209",107.66,107.66,107.68
2022-07-11,83104000,30664000,"ICEU","B2209",107.66,107.66,107.68
2022-07-11,83106000,30666000,"ICEU","B2209",107.68,107.68,107.7
2022-07-11,83107000,30667000,"ICEU","B2209",107.68,107.68,107.7
2022-07-11,83110000,30670000,"ICEU","B2209",107.68,107.66,107.68
2022-07-11,83111000,30671000,"ICEU","B2209",107.68,107.66,107.68
2022-07-11,83113000,30673000,"ICEU","B2209",107.68,107.66,107.68
2022-07-11,83116000,30676000,"ICEU","B2209",107.68,107.66,107.68
2022-07-11,83117000,30677000,"ICEU","B2209",107.68,107.66,107.68
2022-07-11,83119000,30679000,"ICEU","B2209",107.68,107.66,107.68
2022-07-11,83120000,30680000,"ICEU","B2209",107.68,107.66,107.68
2022-07-11,83121000,30681000,"ICEU","B2209",107.68,107.66,107.68
2022-07-11,83122000,30682000,"ICEU","B2209",107.66,107.63,107.66
2022-07-11,83123000,30683000,"ICEU","B2209",107.63,107.63,107.66
2022-07-11,83125000,30685000,"ICEU","B2209",107.63,107.63,107.66
2022-07-11,83128000,30688000,"ICEU","B2209",107.63,107.63,107.65
2022-07-11,83129000,30689000,"ICEU","B2209",107.63,107.63,107.65
2022-07-11,83130000,30690000,"ICEU","B2209",107.65,107.65,107.67
2022-07-11,83131000,30691000,"ICEU","B2209",107.65,107.65,107.67
2022-07-11,83133000,30693000,"ICEU","B2209",107.67,107.66,107.69
2022-07-11,83138000,30698000,"ICEU","B2209",107.67,107.66,107.68
2022-07-11,83139000,30699000,"ICEU","B2209",107.67,107.66,107.69
2022-07-11,83140000,30700000,"ICEU","B2209",107.67,107.66,107.69
2022-07-11,83141000,30701000,"ICEU","B2209",107.67,107.66,107.69
2022-07-11,83142000,30702000,"ICEU","B2209",107.67,107.66,107.68
2022-07-11,83147000,30707000,"ICEU","B2209",107.67,107.66,107.68
2022-07-11,83148000,30708000,"ICEU","B2209",107.67,107.66,107.68
2022-07-11,83149000,30709000,"ICEU","B2209",107.67,107.66,107.68
2022-07-11,83151000,30711000,"ICEU","B2209",107.67,107.66,107.68
2022-07-11,83152000,30712000,"ICEU","B2209",107.67,107.68,107.7
2022-07-11,83156000,30716000,"ICEU","B2209",107.67,107.68,107.71
2022-07-11,83157000,30717000,"ICEU","B2209",107.67,107.68,107.7
2022-07-11,83159000,30719000,"ICEU","B2209",107.67,107.68,107.71
2022-07-11,83200000,30720000,"ICEU","B2209",107.67,107.68,107.71
2022-07-11,83202000,30722000,"ICEU","B2209",107.68,107.65,107.67
2022-07-11,83206000,30726000,"ICEU","B2209",107.68,107.65,107.67
2022-07-11,83207000,30727000,"ICEU","B2209",107.68,107.65,107.67
2022-07-11,83209000,30729000,"ICEU","B2209",107.68,107.65,107.67
2022-07-11,83212000,30732000,"ICEU","B2209",107.68,107.63,107.65
2022-07-11,83214000,30734000,"ICEU","B2209",107.68,107.63,107.65
2022-07-11,83218000,30738000,"ICEU","B2209",107.68,107.63,107.65
2022-07-11,83219000,30739000,"ICEU","B2209",107.65,107.63,107.65
2022-07-11,83220000,30740000,"ICEU","B2209",107.65,107.63,107.65
2022-07-11,83224000,30744000,"ICEU","B2209",107.65,107.63,107.65
2022-07-11,83226000,30746000,"ICEU","B2209",107.65,107.63,107.65
2022-07-11,83227000,30747000,"ICEU","B2209",107.63,107.61,107.63
2022-07-11,83228000,30748000,"ICEU","B2209",107.61,107.58,107.61
2022-07-11,83231000,30751000,"ICEU","B2209",107.61,107.58,107.61
2022-07-11,83232000,30752000,"ICEU","B2209",107.61,107.58,107.61
2022-07-11,83233000,30753000,"ICEU","B2209",107.61,107.58,107.6
2022-07-11,83234000,30754000,"ICEU","B2209",107.61,107.57,107.6
2022-07-11,83235000,30755000,"ICEU","B2209",107.61,107.58,107.6
2022-07-11,83236000,30756000,"ICEU","B2209",107.61,107.58,107.6
2022-07-11,83237000,30757000,"ICEU","B2209",107.61,107.58,107.6
2022-07-11,83238000,30758000,"ICEU","B2209",107.61,107.58,107.6
2022-07-11,83239000,30759000,"ICEU","B2209",107.61,107.58,107.6
2022-07-11,83241000,30761000,"ICEU","B2209",107.61,107.57,107.6
2022-07-11,83243000,30763000,"ICEU","B2209",107.61,107.57,107.6
2022-07-11,83244000,30764000,"ICEU","B2209",107.61,107.58,107.61
2022-07-11,83247000,30767000,"ICEU","B2209",107.61,107.58,107.61
2022-07-11,83250000,30770000,"ICEU","B2209",107.61,107.57,107.59
2022-07-11,83252000,30772000,"ICEU","B2209",107.61,107.57,107.59
2022-07-11,83256000,30776000,"ICEU","B2209",107.61,107.57,107.59
2022-07-11,83257000,30777000,"ICEU","B2209",107.61,107.57,107.59
2022-07-11,83259000,30779000,"ICEU","B2209",107.61,107.57,107.59
2022-07-11,83301000,30781000,"ICEU","B2209",107.61,107.58,107.59
2022-07-11,83302000,30782000,"ICEU","B2209",107.59,107.59,107.61
2022-07-11,83305000,30785000,"ICEU","B2209",107.59,107.58,107.61
2022-07-11,83306000,30786000,"ICEU","B2209",107.59,107.58,107.6
2022-07-11,83308000,30788000,"ICEU","B2209",107.59,107.58,107.6
2022-07-11,83311000,30791000,"ICEU","B2209",107.59,107.57,107.59
2022-07-11,83312000,30792000,"ICEU","B2209",107.59,107.57,107.59
2022-07-11,83321000,30801000,"ICEU","B2209",107.59,107.57,107.59
2022-07-11,83323000,30803000,"ICEU","B2209",107.59,107.57,107.59
2022-07-11,83326000,30806000,"ICEU","B2209",107.59,107.57,107.59
2022-07-11,83328000,30808000,"ICEU","B2209",107.59,107.57,107.59
2022-07-11,83329000,30809000,"ICEU","B2209",107.59,107.57,107.59
2022-07-11,83331000,30811000,"ICEU","B2209",107.59,107.57,107.59
2022-07-11,83333000,30813000,"ICEU","B2209",107.59,107.57,107.59
2022-07-11,83337000,30817000,"ICEU","B2209",107.59,107.57,107.59
2022-07-11,83339000,30819000,"ICEU","B2209",107.57,107.57,107.59
2022-07-11,83340000,30820000,"ICEU","B2209",107.57,107.56,107.58
2022-07-11,83342000,30822000,"ICEU","B2209",107.57,107.58,107.61
2022-07-11,83345000,30825000,"ICEU","B2209",107.57,107.58,107.61
2022-07-11,83347000,30827000,"ICEU","B2209",107.57,107.58,107.61
2022-07-11,83350000,30830000,"ICEU","B2209",107.58,107.56,107.59
2022-07-11,83354000,30834000,"ICEU","B2209",107.58,107.56,107.59
2022-07-11,83356000,30836000,"ICEU","B2209",107.58,107.57,107.59
2022-07-11,83357000,30837000,"ICEU","B2209",107.58,107.57,107.6
2022-07-11,83400000,30840000,"ICEU","B2209",107.58,107.57,107.6
2022-07-11,83401000,30841000,"ICEU","B2209",107.58,107.57,107.6
2022-07-11,83402000,30842000,"ICEU","B2209",107.58,107.57,107.6
2022-07-11,83404000,30844000,"ICEU","B2209",107.59,107.57,107.59
2022-07-11,83409000,30849000,"ICEU","B2209",107.59,107.57,107.59
2022-07-11,83414000,30854000,"ICEU","B2209",107.59,107.57,107.59
2022-07-11,83416000,30856000,"ICEU","B2209",107.59,107.57,107.59
2022-07-11,83418000,30858000,"ICEU","B2209",107.59,107.57,107.59
2022-07-11,83422000,30862000,"ICEU","B2209",107.59,107.57,107.59
2022-07-11,83423000,30863000,"ICEU","B2209",107.59,107.57,107.59
2022-07-11,83429000,30869000,"ICEU","B2209",107.59,107.57,107.59
2022-07-11,83430000,30870000,"ICEU","B2209",107.59,107.57,107.59
2022-07-11,83432000,30872000,"ICEU","B2209",107.59,107.57,107.59
2022-07-11,83433000,30873000,"ICEU","B2209",107.59,107.57,107.59
2022-07-11,83434000,30874000,"ICEU","B2209",107.59,107.57,107.59
2022-07-11,83435000,30875000,"ICEU","B2209",107.6,107.58,107.61
2022-07-11,83436000,30876000,"ICEU","B2209",107.6,107.58,107.61
2022-07-11,83437000,30877000,"ICEU","B2209",107.6,107.57,107.6
2022-07-11,83438000,30878000,"ICEU","B2209",107.6,107.57,107.6
2022-07-11,83439000,30879000,"ICEU","B2209",107.6,107.57,107.6
2022-07-11,83442000,30882000,"ICEU","B2209",107.6,107.57,107.6
2022-07-11,83443000,30883000,"ICEU","B2209",107.6,107.57,107.6
2022-07-11,83444000,30884000,"ICEU","B2209",107.6,107.6,107.64
2022-07-11,83446000,30886000,"ICEU","B2209",107.6,107.58,107.61
2022-07-11,83447000,30887000,"ICEU","B2209",107.6,107.58,107.61
2022-07-11,83448000,30888000,"ICEU","B2209",107.58,107.58,107.61
2022-07-11,83450000,30890000,"ICEU","B2209",107.58,107.57,107.61
2022-07-11,83451000,30891000,"ICEU","B2209",107.58,107.58,107.61
2022-07-11,83453000,30893000,"ICEU","B2209",107.59,107.58,107.61
2022-07-11,83454000,30894000,"ICEU","B2209",107.59,107.58,107.61
2022-07-11,83455000,30895000,"ICEU","B2209",107.58,107.56,107.59
2022-07-11,83456000,30896000,"ICEU","B2209",107.58,107.55,107.58
2022-07-11,83457000,30897000,"ICEU","B2209",107.58,107.55,107.58
2022-07-11,83500000,30900000,"ICEU","B2209",107.58,107.55,107.58
2022-07-11,83501000,30901000,"ICEU","B2209",107.58,107.56,107.59
2022-07-11,83502000,30902000,"ICEU","B2209",107.58,107.56,107.58
2022-07-11,83505000,30905000,"ICEU","B2209",107.58,107.56,107.58
2022-07-11,83507000,30907000,"ICEU","B2209",107.58,107.56,107.58
2022-07-11,83509000,30909000,"ICEU","B2209",107.58,107.56,107.58
2022-07-11,83510000,30910000,"ICEU","B2209",107.58,107.56,107.58
2022-07-11,83511000,30911000,"ICEU","B2209",107.58,107.56,107.58
2022-07-11,83512000,30912000,"ICEU","B2209",107.58,107.56,107.58
2022-07-11,83513000,30913000,"ICEU","B2209",107.58,107.59,107.61
2022-07-11,83514000,30914000,"ICEU","B2209",107.58,107.58,107.62
2022-07-11,83516000,30916000,"ICEU","B2209",107.58,107.59,107.61
2022-07-11,83519000,30919000,"ICEU","B2209",107.58,107.61,107.64
2022-07-11,83520000,30920000,"ICEU","B2209",107.58,107.6,107.63
2022-07-11,83521000,30921000,"ICEU","B2209",107.58,107.62,107.65
2022-07-11,83523000,30923000,"ICEU","B2209",107.58,107.62,107.65
2022-07-11,83524000,30924000,"ICEU","B2209",107.58,107.6,107.63
2022-07-11,83527000,30927000,"ICEU","B2209",107.58,107.61,107.64
2022-07-11,83528000,30928000,"ICEU","B2209",107.58,107.61,107.64
2022-07-11,83529000,30929000,"ICEU","B2209",107.58,107.61,107.63
2022-07-11,83530000,30930000,"ICEU","B2209",107.58,107.61,107.63
2022-07-11,83531000,30931000,"ICEU","B2209",107.58,107.61,107.63
2022-07-11,83538000,30938000,"ICEU","B2209",107.61,107.59,107.61
2022-07-11,83542000,30942000,"ICEU","B2209",107.61,107.59,107.61
2022-07-11,83544000,30944000,"ICEU","B2209",107.59,107.56,107.59
2022-07-11,83545000,30945000,"ICEU","B2209",107.59,107.56,107.59
2022-07-11,83549000,30949000,"ICEU","B2209",107.59,107.55,107.57
2022-07-11,83550000,30950000,"ICEU","B2209",107.56,107.54,107.56
2022-07-11,83556000,30956000,"ICEU","B2209",107.56,107.54,107.56
2022-07-11,83600000,30960000,"ICEU","B2209",107.56,107.54,107.56
2022-07-11,83605000,30965000,"ICEU","B2209",107.56,107.54,107.56
2022-07-11,83608000,30968000,"ICEU","B2209",107.56,107.54,107.56
2022-07-11,83609000,30969000,"ICEU","B2209",107.56,107.54,107.56
2022-07-11,83614000,30974000,"ICEU","B2209",107.56,107.54,107.56
2022-07-11,83616000,30976000,"ICEU","B2209",107.55,107.54,107.56
2022-07-11,83617000,30977000,"ICEU","B2209",107.56,107.54,107.56
2022-07-11,83623000,30983000,"ICEU","B2209",107.56,107.54,107.56
2022-07-11,83634000,30994000,"ICEU","B2209",107.56,107.54,107.56
2022-07-11,83635000,30995000,"ICEU","B2209",107.56,107.54,107.56
2022-07-11,83640000,31000000,"ICEU","B2209",107.52,107.49,107.52
2022-07-11,83641000,31001000,"ICEU","B2209",107.5,107.47,107.5
2022-07-11,83642000,31002000,"ICEU","B2209",107.5,107.48,107.5
2022-07-11,83643000,31003000,"ICEU","B2209",107.5,107.48,107.5
2022-07-11,83647000,31007000,"ICEU","B2209",107.48,107.46,107.48
2022-07-11,83648000,31008000,"ICEU","B2209",107.48,107.46,107.48
2022-07-11,83649000,31009000,"ICEU","B2209",107.48,107.46,107.48
2022-07-11,83650000,31010000,"ICEU","B2209",107.48,107.47,107.48
2022-07-11,83651000,31011000,"ICEU","B2209",107.48,107.47,107.48
2022-07-11,83652000,31012000,"ICEU","B2209",107.48,107.46,107.48
2022-07-11,83653000,31013000,"ICEU","B2209",107.48,107.48,107.51
2022-07-11,83654000,31014000,"ICEU","B2209",107.48,107.48,107.51
2022-07-11,83655000,31015000,"ICEU","B2209",107.48,107.48,107.51
2022-07-11,83659000,31019000,"ICEU","B2209",107.48,107.48,107.51
2022-07-11,83700000,31020000,"ICEU","B2209",107.48,107.49,107.51
2022-07-11,83701000,31021000,"ICEU","B2209",107.51,107.5,107.52
2022-07-11,83702000,31022000,"ICEU","B2209",107.51,107.5,107.52
2022-07-11,83703000,31023000,"ICEU","B2209",107.51,107.5,107.52
2022-07-11,83704000,31024000,"ICEU","B2209",107.51,107.5,107.53
2022-07-11,83705000,31025000,"ICEU","B2209",107.51,107.5,107.52
2022-07-11,83706000,31026000,"ICEU","B2209",107.51,107.47,107.49
2022-07-11,83707000,31027000,"ICEU","B2209",107.51,107.47,107.5
2022-07-11,83709000,31029000,"ICEU","B2209",107.51,107.47,107.5
2022-07-11,83710000,31030000,"ICEU","B2209",107.51,107.47,107.5
2022-07-11,83712000,31032000,"ICEU","B2209",107.51,107.47,107.5
2022-07-11,83713000,31033000,"ICEU","B2209",107.51,107.47,107.5
2022-07-11,83716000,31036000,"ICEU","B2209",107.51,107.47,107.48
2022-07-11,83717000,31037000,"ICEU","B2209",107.51,107.46,107.48
2022-07-11,83718000,31038000,"ICEU","B2209",107.51,107.46,107.48
2022-07-11,83722000,31042000,"ICEU","B2209",107.49,107.47,107.5
2022-07-11,83723000,31043000,"ICEU","B2209",107.49,107.47,107.5
2022-07-11,83729000,31049000,"ICEU","B2209",107.49,107.47,107.5
2022-07-11,83732000,31052000,"ICEU","B2209",107.49,107.47,107.49
2022-07-11,83733000,31053000,"ICEU","B2209",107.49,107.47,107.49
2022-07-11,83735000,31055000,"ICEU","B2209",107.49,107.45,107.48
2022-07-11,83736000,31056000,"ICEU","B2209",107.49,107.44,107.47
2022-07-11,83739000,31059000,"ICEU","B2209",107.49,107.45,107.48
2022-07-11,83740000,31060000,"ICEU","B2209",107.49,107.45,107.48
2022-07-11,83741000,31061000,"ICEU","B2209",107.49,107.46,107.49
2022-07-11,83742000,31062000,"ICEU","B2209",107.49,107.45,107.48
2022-07-11,83743000,31063000,"ICEU","B2209",107.49,107.45,107.48
2022-07-11,83744000,31064000,"ICEU","B2209",107.49,107.45,107.48
2022-07-11,83746000,31066000,"ICEU","B2209",107.49,107.45,107.46
2022-07-11,83747000,31067000,"ICEU","B2209",107.45,107.43,107.46
2022-07-11,83748000,31068000,"ICEU","B2209",107.45,107.43,107.46
2022-07-11,83750000,31070000,"ICEU","B2209",107.45,107.44,107.46
2022-07-11,83751000,31071000,"ICEU","B2209",107.46,107.44,107.47
2022-07-11,83752000,31072000,"ICEU","B2209",107.46,107.44,107.47
2022-07-11,83753000,31073000,"ICEU","B2209",107.46,107.44,107.47
2022-07-11,83755000,31075000,"ICEU","B2209",107.46,107.44,107.47
2022-07-11,83756000,31076000,"ICEU","B2209",107.46,107.45,107.47
2022-07-11,83757000,31077000,"ICEU","B2209",107.46,107.46,107.47
2022-07-11,83758000,31078000,"ICEU","B2209",107.47,107.45,107.47
2022-07-11,83759000,31079000,"ICEU","B2209",107.47,107.45,107.48
2022-07-11,83803000,31083000,"ICEU","B2209",107.47,107.46,107.48
2022-07-11,83804000,31084000,"ICEU","B2209",107.47,107.45,107.47
2022-07-11,83806000,31086000,"ICEU","B2209",107.47,107.45,107.47
2022-07-11,83808000,31088000,"ICEU","B2209",107.47,107.45,107.47
2022-07-11,83809000,31089000,"ICEU","B2209",107.47,107.45,107.47
2022-07-11,83810000,31090000,"ICEU","B2209",107.47,107.45,107.47
2022-07-11,83812000,31092000,"ICEU","B2209",107.47,107.45,107.47
2022-07-11,83813000,31093000,"ICEU","B2209",107.47,107.45,107.47
2022-07-11,83814000,31094000,"ICEU","B2209",107.45,107.45,107.46
2022-07-11,83815000,31095000,"ICEU","B2209",107.45,107.42,107.46
2022-07-11,83818000,31098000,"ICEU","B2209",107.43,107.4,107.43
2022-07-11,83819000,31099000,"ICEU","B2209",107.43,107.4,107.43
2022-07-11,83821000,31101000,"ICEU","B2209",107.43,107.39,107.42
2022-07-11,83823000,31103000,"ICEU","B2209",107.43,107.4,107.43
2022-07-11,83825000,31105000,"ICEU","B2209",107.43,107.41,107.44
2022-07-11,83827000,31107000,"ICEU","B2209",107.43,107.41,107.44
2022-07-11,83828000,31108000,"ICEU","B2209",107.43,107.42,107.45
2022-07-11,83829000,31109000,"ICEU","B2209",107.43,107.41,107.45
2022-07-11,83830000,31110000,"ICEU","B2209",107.43,107.4,107.44
2022-07-11,83831000,31111000,"ICEU","B2209",107.43,107.38,107.42
2022-07-11,83832000,31112000,"ICEU","B2209",107.43,107.38,107.42
2022-07-11,83833000,31113000,"ICEU","B2209",107.43,107.39,107.42
2022-07-11,83835000,31115000,"ICEU","B2209",107.43,107.39,107.42
2022-07-11,83836000,31116000,"ICEU","B2209",107.43,107.39,107.42
2022-07-11,83837000,31117000,"ICEU","B2209",107.43,107.39,107.42
2022-07-11,83838000,31118000,"ICEU","B2209",107.43,107.4,107.43
2022-07-11,83839000,31119000,"ICEU","B2209",107.43,107.4,107.43
2022-07-11,83842000,31122000,"ICEU","B2209",107.43,107.41,107.44
2022-07-11,83843000,31123000,"ICEU","B2209",107.43,107.41,107.44
2022-07-11,83844000,31124000,"ICEU","B2209",107.43,107.39,107.43
2022-07-11,83845000,31125000,"ICEU","B2209",107.43,107.38,107.42
2022-07-11,83846000,31126000,"ICEU","B2209",107.43,107.38,107.42
2022-07-11,83847000,31127000,"ICEU","B2209",107.43,107.38,107.42
2022-07-11,83848000,31128000,"ICEU","B2209",107.43,107.38,107.42
2022-07-11,83849000,31129000,"ICEU","B2209",107.43,107.39,107.42
2022-07-11,83850000,31130000,"ICEU","B2209",107.43,107.39,107.42
2022-07-11,83853000,31133000,"ICEU","B2209",107.43,107.38,107.42
2022-07-11,83854000,31134000,"ICEU","B2209",107.43,107.37,107.41
2022-07-11,83855000,31135000,"ICEU","B2209",107.37,107.36,107.4
2022-07-11,83856000,31136000,"ICEU","B2209",107.37,107.36,107.4
2022-07-11,83857000,31137000,"ICEU","B2209",107.37,107.38,107.41
2022-07-11,83858000,31138000,"ICEU","B2209",107.37,107.38,107.41
2022-07-11,83859000,31139000,"ICEU","B2209",107.41,107.39,107.42
2022-07-11,83905000,31145000,"ICEU","B2209",107.41,107.39,107.42
2022-07-11,83906000,31146000,"ICEU","B2209",107.41,107.39,107.42
2022-07-11,83907000,31147000,"ICEU","B2209",107.41,107.39,107.41
2022-07-11,83908000,31148000,"ICEU","B2209",107.41,107.38,107.41
2022-07-11,83909000,31149000,"ICEU","B2209",107.41,107.38,107.41
2022-07-11,83910000,31150000,"ICEU","B2209",107.41,107.38,107.41
2022-07-11,83912000,31152000,"ICEU","B2209",107.41,107.38,107.41
2022-07-11,83915000,31155000,"ICEU","B2209",107.41,107.38,107.41
2022-07-11,83919000,31159000,"ICEU","B2209",107.41,107.38,107.41
2022-07-11,83920000,31160000,"ICEU","B2209",107.41,107.38,107.41
2022-07-11,83921000,31161000,"ICEU","B2209",107.38,107.36,107.39
2022-07-11,83922000,31162000,"ICEU","B2209",107.38,107.36,107.39
2022-07-11,83926000,31166000,"ICEU","B2209",107.38,107.36,107.39
2022-07-11,83928000,31168000,"ICEU","B2209",107.38,107.36,107.39
2022-07-11,83930000,31170000,"ICEU","B2209",107.38,107.36,107.41
2022-07-11,83931000,31171000,"ICEU","B2209",107.38,107.37,107.4
2022-07-11,83936000,31176000,"ICEU","B2209",107.38,107.37,107.4
2022-07-11,83937000,31177000,"ICEU","B2209",107.38,107.36,107.39
2022-07-11,83938000,31178000,"ICEU","B2209",107.39,107.37,107.4
2022-07-11,83946000,31186000,"ICEU","B2209",107.39,107.37,107.4
2022-07-11,83947000,31187000,"ICEU","B2209",107.39,107.37,107.4
2022-07-11,83948000,31188000,"ICEU","B2209",107.39,107.37,107.4
2022-07-11,83951000,31191000,"ICEU","B2209",107.39,107.37,107.4
2022-07-11,83953000,31193000,"ICEU","B2209",107.37,107.35,107.38
2022-07-11,83954000,31194000,"ICEU","B2209",107.37,107.35,107.38
2022-07-11,83955000,31195000,"ICEU","B2209",107.35,107.35,107.38
2022-07-11,83956000,31196000,"ICEU","B2209",107.35,107.35,107.38
2022-07-11,83957000,31197000,"ICEU","B2209",107.35,107.36,107.39
2022-07-11,83959000,31199000,"ICEU","B2209",107.35,107.36,107.39
2022-07-11,8.4e+07,31200000,"ICEU","B2209",107.31,107.29,107.32
2022-07-11,84001000,31201000,"ICEU","B2209",107.31,107.32,107.35
2022-07-11,84006000,31206000,"ICEU","B2209",107.31,107.33,107.35
2022-07-11,84007000,31207000,"ICEU","B2209",107.34,107.32,107.36
2022-07-11,84008000,31208000,"ICEU","B2209",107.34,107.32,107.35
2022-07-11,84009000,31209000,"ICEU","B2209",107.34,107.32,107.35
2022-07-11,84011000,31211000,"ICEU","B2209",107.34,107.32,107.35
2022-07-11,84016000,31216000,"ICEU","B2209",107.34,107.32,107.35
2022-07-11,84019000,31219000,"ICEU","B2209",107.34,107.32,107.35
2022-07-11,84023000,31223000,"ICEU","B2209",107.34,107.33,107.36
2022-07-11,84025000,31225000,"ICEU","B2209",107.34,107.33,107.36
2022-07-11,84028000,31228000,"ICEU","B2209",107.34,107.33,107.36
2022-07-11,84031000,31231000,"ICEU","B2209",107.34,107.33,107.36
2022-07-11,84032000,31232000,"ICEU","B2209",107.34,107.32,107.35
2022-07-11,84033000,31233000,"ICEU","B2209",107.34,107.32,107.35
2022-07-11,84034000,31234000,"ICEU","B2209",107.34,107.32,107.35
2022-07-11,84035000,31235000,"ICEU","B2209",107.34,107.32,107.35
2022-07-11,84036000,31236000,"ICEU","B2209",107.34,107.32,107.35
2022-07-11,84046000,31246000,"ICEU","B2209",107.32,107.28,107.31
2022-07-11,84048000,31248000,"ICEU","B2209",107.32,107.28,107.31
2022-07-11,84051000,31251000,"ICEU","B2209",107.32,107.28,107.31
2022-07-11,84052000,31252000,"ICEU","B2209",107.32,107.28,107.31
2022-07-11,84053000,31253000,"ICEU","B2209",107.32,107.28,107.31
2022-07-11,84054000,31254000,"ICEU","B2209",107.31,107.28,107.31
2022-07-11,84055000,31255000,"ICEU","B2209",107.31,107.27,107.3
2022-07-11,84056000,31256000,"ICEU","B2209",107.31,107.27,107.3
2022-07-11,84058000,31258000,"ICEU","B2209",107.31,107.27,107.3
2022-07-11,84100000,31260000,"ICEU","B2209",107.3,107.29,107.32
2022-07-11,84101000,31261000,"ICEU","B2209",107.3,107.27,107.31
2022-07-11,84102000,31262000,"ICEU","B2209",107.27,107.25,107.28
2022-07-11,84104000,31264000,"ICEU","B2209",107.27,107.25,107.28
2022-07-11,84105000,31265000,"ICEU","B2209",107.27,107.26,107.28
2022-07-11,84107000,31267000,"ICEU","B2209",107.27,107.29,107.32
2022-07-11,84110000,31270000,"ICEU","B2209",107.27,107.29,107.32
2022-07-11,84111000,31271000,"ICEU","B2209",107.27,107.29,107.32
2022-07-11,84118000,31278000,"ICEU","B2209",107.27,107.29,107.32
2022-07-11,84119000,31279000,"ICEU","B2209",107.27,107.27,107.3
2022-07-11,84120000,31280000,"ICEU","B2209",107.27,107.27,107.3
2022-07-11,84121000,31281000,"ICEU","B2209",107.27,107.27,107.31
2022-07-11,84123000,31283000,"ICEU","B2209",107.27,107.28,107.31
2022-07-11,84124000,31284000,"ICEU","B2209",107.27,107.25,107.28
2022-07-11,84125000,31285000,"ICEU","B2209",107.27,107.25,107.28
2022-07-11,84126000,31286000,"ICEU","B2209",107.27,107.26,107.28
2022-07-11,84127000,31287000,"ICEU","B2209",107.26,107.26,107.29
2022-07-11,84128000,31288000,"ICEU","B2209",107.26,107.26,107.29
2022-07-11,84131000,31291000,"ICEU","B2209",107.26,107.27,107.3
2022-07-11,84132000,31292000,"ICEU","B2209",107.26,107.27,107.3
2022-07-11,84136000,31296000,"ICEU","B2209",107.26,107.27,107.3
2022-07-11,84137000,31297000,"ICEU","B2209",107.26,107.28,107.3
2022-07-11,84138000,31298000,"ICEU","B2209",107.26,107.28,107.31
2022-07-11,84139000,31299000,"ICEU","B2209",107.26,107.28,107.31
2022-07-11,84142000,31302000,"ICEU","B2209",107.26,107.29,107.31
2022-07-11,84143000,31303000,"ICEU","B2209",107.29,107.28,107.31
2022-07-11,84144000,31304000,"ICEU","B2209",107.29,107.28,107.31
2022-07-11,84145000,31305000,"ICEU","B2209",107.29,107.28,107.31
2022-07-11,84146000,31306000,"ICEU","B2209",107.29,107.28,107.31
2022-07-11,84147000,31307000,"ICEU","B2209",107.29,107.28,107.31
2022-07-11,84149000,31309000,"ICEU","B2209",107.29,107.29,107.32
2022-07-11,84150000,31310000,"ICEU","B2209",107.29,107.29,107.32
2022-07-11,84153000,31313000,"ICEU","B2209",107.29,107.29,107.32
2022-07-11,84157000,31317000,"ICEU","B2209",107.29,107.29,107.32
2022-07-11,84158000,31318000,"ICEU","B2209",107.29,107.29,107.32
2022-07-11,84159000,31319000,"ICEU","B2209",107.29,107.29,107.32
2022-07-11,84200000,31320000,"ICEU","B2209",107.3,107.29,107.31
2022-07-11,84201000,31321000,"ICEU","B2209",107.29,107.29,107.3
2022-07-11,84202000,31322000,"ICEU","B2209",107.29,107.29,107.31
2022-07-11,84205000,31325000,"ICEU","B2209",107.29,107.29,107.3
2022-07-11,84206000,31326000,"ICEU","B2209",107.29,107.28,107.31
2022-07-11,84207000,31327000,"ICEU","B2209",107.28,107.26,107.28
2022-07-11,84208000,31328000,"ICEU","B2209",107.28,107.26,107.28
2022-07-11,84209000,31329000,"ICEU","B2209",107.28,107.26,107.28
2022-07-11,84212000,31332000,"ICEU","B2209",107.28,107.26,107.28
2022-07-11,84213000,31333000,"ICEU","B2209",107.28,107.26,107.28
2022-07-11,84216000,31336000,"ICEU","B2209",107.28,107.25,107.28
2022-07-11,84217000,31337000,"ICEU","B2209",107.28,107.26,107.28
2022-07-11,84226000,31346000,"ICEU","B2209",107.28,107.26,107.28
2022-07-11,84230000,31350000,"ICEU","B2209",107.28,107.26,107.28
2022-07-11,84231000,31351000,"ICEU","B2209",107.28,107.26,107.28
2022-07-11,84233000,31353000,"ICEU","B2209",107.28,107.27,107.29
2022-07-11,84239000,31359000,"ICEU","B2209",107.28,107.25,107.29
2022-07-11,84240000,31360000,"ICEU","B2209",107.28,107.25,107.28
2022-07-11,84243000,31363000,"ICEU","B2209",107.28,107.25,107.28
2022-07-11,84244000,31364000,"ICEU","B2209",107.28,107.25,107.28
2022-07-11,84245000,31365000,"ICEU","B2209",107.28,107.25,107.28
2022-07-11,84247000,31367000,"ICEU","B2209",107.28,107.25,107.28
2022-07-11,84250000,31370000,"ICEU","B2209",107.28,107.25,107.28
2022-07-11,84252000,31372000,"ICEU","B2209",107.28,107.25,107.28
2022-07-11,84254000,31374000,"ICEU","B2209",107.29,107.26,107.29
2022-07-11,84255000,31375000,"ICEU","B2209",107.29,107.25,107.28
2022-07-11,84257000,31377000,"ICEU","B2209",107.29,107.25,107.29
2022-07-11,84258000,31378000,"ICEU","B2209",107.29,107.26,107.29
2022-07-11,84259000,31379000,"ICEU","B2209",107.29,107.26,107.29
2022-07-11,84301000,31381000,"ICEU","B2209",107.29,107.26,107.29
2022-07-11,84302000,31382000,"ICEU","B2209",107.29,107.26,107.29
2022-07-11,84303000,31383000,"ICEU","B2209",107.29,107.26,107.29
2022-07-11,84306000,31386000,"ICEU","B2209",107.29,107.26,107.3
2022-07-11,84307000,31387000,"ICEU","B2209",107.29,107.26,107.29
2022-07-11,84308000,31388000,"ICEU","B2209",107.29,107.25,107.29
2022-07-11,84311000,31391000,"ICEU","B2209",107.29,107.25,107.28
2022-07-11,84312000,31392000,"ICEU","B2209",107.29,107.25,107.28
2022-07-11,84315000,31395000,"ICEU","B2209",107.29,107.25,107.28
2022-07-11,84316000,31396000,"ICEU","B2209",107.29,107.25,107.28
2022-07-11,84317000,31397000,"ICEU","B2209",107.29,107.25,107.28
2022-07-11,84318000,31398000,"ICEU","B2209",107.29,107.24,107.28
2022-07-11,84327000,31407000,"ICEU","B2209",107.29,107.24,107.28
2022-07-11,84329000,31409000,"ICEU","B2209",107.29,107.24,107.28
2022-07-11,84330000,31410000,"ICEU","B2209",107.29,107.24,107.28
2022-07-11,84333000,31413000,"ICEU","B2209",107.24,107.22,107.24
2022-07-11,84334000,31414000,"ICEU","B2209",107.24,107.22,107.24
2022-07-11,84336000,31416000,"ICEU","B2209",107.24,107.22,107.25
2022-07-11,84337000,31417000,"ICEU","B2209",107.24,107.22,107.25
2022-07-11,84338000,31418000,"ICEU","B2209",107.24,107.22,107.25
2022-07-11,84340000,31420000,"ICEU","B2209",107.24,107.22,107.25
2022-07-11,84341000,31421000,"ICEU","B2209",107.24,107.22,107.25
2022-07-11,84346000,31426000,"ICEU","B2209",107.24,107.23,107.25
2022-07-11,84347000,31427000,"ICEU","B2209",107.24,107.23,107.25
2022-07-11,84352000,31432000,"ICEU","B2209",107.24,107.23,107.25
2022-07-11,84354000,31434000,"ICEU","B2209",107.24,107.21,107.24
2022-07-11,84355000,31435000,"ICEU","B2209",107.24,107.21,107.24
2022-07-11,84356000,31436000,"ICEU","B2209",107.24,107.22,107.25
2022-07-11,84358000,31438000,"ICEU","B2209",107.24,107.22,107.25
2022-07-11,84359000,31439000,"ICEU","B2209",107.24,107.22,107.24
2022-07-11,84400000,31440000,"ICEU","B2209",107.24,107.21,107.24
2022-07-11,84401000,31441000,"ICEU","B2209",107.24,107.21,107.23
2022-07-11,84402000,31442000,"ICEU","B2209",107.24,107.21,107.23
2022-07-11,84403000,31443000,"ICEU","B2209",107.24,107.21,107.23
2022-07-11,84404000,31444000,"ICEU","B2209",107.24,107.21,107.23
2022-07-11,84405000,31445000,"ICEU","B2209",107.24,107.21,107.23
2022-07-11,84406000,31446000,"ICEU","B2209",107.24,107.21,107.23
2022-07-11,84409000,31449000,"ICEU","B2209",107.21,107.18,107.21
2022-07-11,84410000,31450000,"ICEU","B2209",107.21,107.19,107.21
2022-07-11,84411000,31451000,"ICEU","B2209",107.21,107.19,107.22
2022-07-11,84412000,31452000,"ICEU","B2209",107.21,107.18,107.21
2022-07-11,84417000,31457000,"ICEU","B2209",107.21,107.18,107.22
2022-07-11,84419000,31459000,"ICEU","B2209",107.21,107.16,107.2
2022-07-11,84420000,31460000,"ICEU","B2209",107.21,107.16,107.2
2022-07-11,84426000,31466000,"ICEU","B2209",107.21,107.18,107.21
2022-07-11,84433000,31473000,"ICEU","B2209",107.21,107.18,107.21
2022-07-11,84435000,31475000,"ICEU","B2209",107.18,107.18,107.21
2022-07-11,84447000,31487000,"ICEU","B2209",107.18,107.17,107.19
2022-07-11,84448000,31488000,"ICEU","B2209",107.18,107.18,107.21
2022-07-11,84454000,31494000,"ICEU","B2209",107.18,107.18,107.21
2022-07-11,84455000,31495000,"ICEU","B2209",107.18,107.18,107.21
2022-07-11,84456000,31496000,"ICEU","B2209",107.18,107.18,107.21
2022-07-11,84459000,31499000,"ICEU","B2209",107.15,107.12,107.15
2022-07-11,84500000,31500000,"ICEU","B2209",107.15,107.12,107.16
2022-07-11,84501000,31501000,"ICEU","B2209",107.15,107.12,107.16
2022-07-11,84502000,31502000,"ICEU","B2209",107.15,107.12,107.15
2022-07-11,84504000,31504000,"ICEU","B2209",107.15,107.13,107.16
2022-07-11,84505000,31505000,"ICEU","B2209",107.15,107.14,107.18
2022-07-11,84507000,31507000,"ICEU","B2209",107.15,107.14,107.17
2022-07-11,84508000,31508000,"ICEU","B2209",107.15,107.15,107.18
2022-07-11,84510000,31510000,"ICEU","B2209",107.15,107.16,107.2
2022-07-11,84511000,31511000,"ICEU","B2209",107.15,107.14,107.17
2022-07-11,84515000,31515000,"ICEU","B2209",107.15,107.13,107.17
2022-07-11,84516000,31516000,"ICEU","B2209",107.15,107.14,107.17
2022-07-11,84517000,31517000,"ICEU","B2209",107.15,107.14,107.17
2022-07-11,84520000,31520000,"ICEU","B2209",107.15,107.14,107.17
2022-07-11,84521000,31521000,"ICEU","B2209",107.15,107.14,107.17
2022-07-11,84523000,31523000,"ICEU","B2209",107.15,107.14,107.17
2022-07-11,84524000,31524000,"ICEU","B2209",107.14,107.1,107.12
2022-07-11,84525000,31525000,"ICEU","B2209",107.11,107.09,107.12
2022-07-11,84528000,31528000,"ICEU","B2209",107.11,107.09,107.12
2022-07-11,84529000,31529000,"ICEU","B2209",107.11,107.1,107.12
2022-07-11,84530000,31530000,"ICEU","B2209",107.12,107.11,107.14
2022-07-11,84532000,31532000,"ICEU","B2209",107.12,107.12,107.15
2022-07-11,84533000,31533000,"ICEU","B2209",107.12,107.12,107.16
2022-07-11,84535000,31535000,"ICEU","B2209",107.15,107.13,107.16
2022-07-11,84536000,31536000,"ICEU","B2209",107.15,107.14,107.17
2022-07-11,84537000,31537000,"ICEU","B2209",107.15,107.14,107.17
2022-07-11,84538000,31538000,"ICEU","B2209",107.15,107.14,107.18
2022-07-11,84540000,31540000,"ICEU","B2209",107.15,107.14,107.17
2022-07-11,84541000,31541000,"ICEU","B2209",107.15,107.13,107.16
2022-07-11,84542000,31542000,"ICEU","B2209",107.15,107.13,107.16
2022-07-11,84543000,31543000,"ICEU","B2209",107.15,107.13,107.16
2022-07-11,84545000,31545000,"ICEU","B2209",107.15,107.14,107.17
2022-07-11,84546000,31546000,"ICEU","B2209",107.14,107.14,107.16
2022-07-11,84547000,31547000,"ICEU","B2209",107.14,107.14,107.16
2022-07-11,84548000,31548000,"ICEU","B2209",107.14,107.14,107.15
2022-07-11,84549000,31549000,"ICEU","B2209",107.14,107.12,107.15
2022-07-11,84551000,31551000,"ICEU","B2209",107.14,107.12,107.15
2022-07-11,84552000,31552000,"ICEU","B2209",107.14,107.12,107.15
2022-07-11,84554000,31554000,"ICEU","B2209",107.14,107.12,107.14
2022-07-11,84555000,31555000,"ICEU","B2209",107.14,107.12,107.14
2022-07-11,84556000,31556000,"ICEU","B2209",107.14,107.11,107.14
2022-07-11,84557000,31557000,"ICEU","B2209",107.14,107.11,107.14
2022-07-11,84559000,31559000,"ICEU","B2209",107.14,107.11,107.14
2022-07-11,84601000,31561000,"ICEU","B2209",107.14,107.11,107.13
2022-07-11,84602000,31562000,"ICEU","B2209",107.11,107.11,107.12
2022-07-11,84603000,31563000,"ICEU","B2209",107.11,107.1,107.12
2022-07-11,84604000,31564000,"ICEU","B2209",107.11,107.1,107.12
2022-07-11,84605000,31565000,"ICEU","B2209",107.11,107.1,107.13
2022-07-11,84606000,31566000,"ICEU","B2209",107.11,107.1,107.12
2022-07-11,84607000,31567000,"ICEU","B2209",107.11,107.1,107.12
2022-07-11,84611000,31571000,"ICEU","B2209",107.11,107.09,107.12
2022-07-11,84612000,31572000,"ICEU","B2209",107.11,107.09,107.12
2022-07-11,84616000,31576000,"ICEU","B2209",107.11,107.09,107.11
2022-07-11,84618000,31578000,"ICEU","B2209",107.11,107.09,107.12
2022-07-11,84619000,31579000,"ICEU","B2209",107.11,107.09,107.11
2022-07-11,84621000,31581000,"ICEU","B2209",107.11,107.09,107.11
2022-07-11,84624000,31584000,"ICEU","B2209",107.11,107.08,107.11
2022-07-11,84627000,31587000,"ICEU","B2209",107.11,107.08,107.11
2022-07-11,84628000,31588000,"ICEU","B2209",107.11,107.08,107.11
2022-07-11,84629000,31589000,"ICEU","B2209",107.11,107.08,107.11
2022-07-11,84630000,31590000,"ICEU","B2209",107.11,107.08,107.11
2022-07-11,84632000,31592000,"ICEU","B2209",107.11,107.08,107.11
2022-07-11,84636000,31596000,"ICEU","B2209",107.11,107.08,107.11
2022-07-11,84637000,31597000,"ICEU","B2209",107.11,107.08,107.11
2022-07-11,84638000,31598000,"ICEU","B2209",107.11,107.09,107.12
2022-07-11,84639000,31599000,"ICEU","B2209",107.11,107.09,107.12
2022-07-11,84642000,31602000,"ICEU","B2209",107.11,107.09,107.12
2022-07-11,84643000,31603000,"ICEU","B2209",107.11,107.09,107.12
2022-07-11,84647000,31607000,"ICEU","B2209",107.11,107.09,107.12
2022-07-11,84648000,31608000,"ICEU","B2209",107.11,107.09,107.12
2022-07-11,84652000,31612000,"ICEU","B2209",107.11,107.09,107.12
2022-07-11,84654000,31614000,"ICEU","B2209",107.11,107.09,107.12
2022-07-11,84656000,31616000,"ICEU","B2209",107.11,107.08,107.12
2022-07-11,84657000,31617000,"ICEU","B2209",107.11,107.09,107.12
2022-07-11,84658000,31618000,"ICEU","B2209",107.11,107.09,107.12
2022-07-11,84659000,31619000,"ICEU","B2209",107.11,107.09,107.12
2022-07-11,84700000,31620000,"ICEU","B2209",107.11,107.09,107.12
2022-07-11,84702000,31622000,"ICEU","B2209",107.11,107.09,107.12
2022-07-11,84704000,31624000,"ICEU","B2209",107.11,107.09,107.12
2022-07-11,84706000,31626000,"ICEU","B2209",107.11,107.09,107.12
2022-07-11,84707000,31627000,"ICEU","B2209",107.11,107.09,107.12
2022-07-11,84708000,31628000,"ICEU","B2209",107.11,107.09,107.12
2022-07-11,84709000,31629000,"ICEU","B2209",107.11,107.09,107.12
2022-07-11,84710000,31630000,"ICEU","B2209",107.14,107.16,107.19
2022-07-11,84711000,31631000,"ICEU","B2209",107.14,107.16,107.2
2022-07-11,84712000,31632000,"ICEU","B2209",107.14,107.17,107.2
2022-07-11,84713000,31633000,"ICEU","B2209",107.15,107.15,107.18
2022-07-11,84715000,31635000,"ICEU","B2209",107.15,107.15,107.18
2022-07-11,84716000,31636000,"ICEU","B2209",107.15,107.16,107.19
2022-07-11,84718000,31638000,"ICEU","B2209",107.15,107.17,107.21
2022-07-11,84719000,31639000,"ICEU","B2209",107.15,107.18,107.21
2022-07-11,84720000,31640000,"ICEU","B2209",107.15,107.18,107.21
2022-07-11,84721000,31641000,"ICEU","B2209",107.15,107.19,107.22
2022-07-11,84722000,31642000,"ICEU","B2209",107.15,107.18,107.21
2022-07-11,84723000,31643000,"ICEU","B2209",107.15,107.18,107.22
2022-07-11,84724000,31644000,"ICEU","B2209",107.15,107.18,107.22
2022-07-11,84725000,31645000,"ICEU","B2209",107.15,107.19,107.22
2022-07-11,84727000,31647000,"ICEU","B2209",107.15,107.19,107.22
2022-07-11,84729000,31649000,"ICEU","B2209",107.15,107.21,107.24
2022-07-11,84730000,31650000,"ICEU","B2209",107.15,107.21,107.24
2022-07-11,84731000,31651000,"ICEU","B2209",107.21,107.19,107.22
2022-07-11,84732000,31652000,"ICEU","B2209",107.21,107.21,107.24
2022-07-11,84734000,31654000,"ICEU","B2209",107.21,107.19,107.22
2022-07-11,84735000,31655000,"ICEU","B2209",107.21,107.19,107.22
2022-07-11,84736000,31656000,"ICEU","B2209",107.21,107.18,107.22
2022-07-11,84738000,31658000,"ICEU","B2209",107.21,107.19,107.22
2022-07-11,84739000,31659000,"ICEU","B2209",107.21,107.18,107.22
2022-07-11,84744000,31664000,"ICEU","B2209",107.21,107.18,107.22
2022-07-11,84745000,31665000,"ICEU","B2209",107.21,107.18,107.21
2022-07-11,84749000,31669000,"ICEU","B2209",107.21,107.17,107.21
2022-07-11,84751000,31671000,"ICEU","B2209",107.21,107.18,107.21
2022-07-11,84753000,31673000,"ICEU","B2209",107.21,107.19,107.22
2022-07-11,84754000,31674000,"ICEU","B2209",107.21,107.19,107.23
2022-07-11,84755000,31675000,"ICEU","B2209",107.21,107.19,107.23
2022-07-11,84757000,31677000,"ICEU","B2209",107.21,107.2,107.22
2022-07-11,84758000,31678000,"ICEU","B2209",107.21,107.2,107.22
2022-07-11,84759000,31679000,"ICEU","B2209",107.21,107.21,107.23
2022-07-11,84800000,31680000,"ICEU","B2209",107.21,107.21,107.24
2022-07-11,84802000,31682000,"ICEU","B2209",107.21,107.22,107.25
2022-07-11,84804000,31684000,"ICEU","B2209",107.21,107.2,107.24
2022-07-11,84805000,31685000,"ICEU","B2209",107.21,107.2,107.23
2022-07-11,84810000,31690000,"ICEU","B2209",107.21,107.2,107.23
2022-07-11,84811000,31691000,"ICEU","B2209",107.21,107.21,107.23
2022-07-11,84813000,31693000,"ICEU","B2209",107.23,107.22,107.25
2022-07-11,84814000,31694000,"ICEU","B2209",107.23,107.22,107.25
2022-07-11,84815000,31695000,"ICEU","B2209",107.25,107.21,107.25
2022-07-11,84816000,31696000,"ICEU","B2209",107.25,107.21,107.25
2022-07-11,84820000,31700000,"ICEU","B2209",107.25,107.21,107.25
2022-07-11,84821000,31701000,"ICEU","B2209",107.25,107.2,107.23
2022-07-11,84822000,31702000,"ICEU","B2209",107.25,107.2,107.24
2022-07-11,84829000,31709000,"ICEU","B2209",107.25,107.21,107.24
2022-07-11,84831000,31711000,"ICEU","B2209",107.25,107.2,107.24
2022-07-11,84833000,31713000,"ICEU","B2209",107.25,107.19,107.23
2022-07-11,84834000,31714000,"ICEU","B2209",107.25,107.19,107.22
2022-07-11,84836000,31716000,"ICEU","B2209",107.25,107.2,107.23
2022-07-11,84839000,31719000,"ICEU","B2209",107.25,107.2,107.23
2022-07-11,84845000,31725000,"ICEU","B2209",107.25,107.19,107.23
2022-07-11,84847000,31727000,"ICEU","B2209",107.25,107.2,107.23
2022-07-11,84850000,31730000,"ICEU","B2209",107.25,107.2,107.23
2022-07-11,84851000,31731000,"ICEU","B2209",107.25,107.2,107.23
2022-07-11,84857000,31737000,"ICEU","B2209",107.25,107.2,107.23
2022-07-11,84858000,31738000,"ICEU","B2209",107.2,107.18,107.21
2022-07-11,84902000,31742000,"ICEU","B2209",107.2,107.21,107.24
2022-07-11,84903000,31743000,"ICEU","B2209",107.2,107.2,107.24
2022-07-11,84905000,31745000,"ICEU","B2209",107.2,107.21,107.24
2022-07-11,84907000,31747000,"ICEU","B2209",107.2,107.21,107.24
2022-07-11,84908000,31748000,"ICEU","B2209",107.2,107.2,107.23
2022-07-11,84912000,31752000,"ICEU","B2209",107.2,107.2,107.24
2022-07-11,84913000,31753000,"ICEU","B2209",107.2,107.2,107.24
2022-07-11,84914000,31754000,"ICEU","B2209",107.2,107.2,107.23
2022-07-11,84916000,31756000,"ICEU","B2209",107.2,107.2,107.23
2022-07-11,84917000,31757000,"ICEU","B2209",107.2,107.19,107.22
2022-07-11,84919000,31759000,"ICEU","B2209",107.2,107.2,107.23
2022-07-11,84921000,31761000,"ICEU","B2209",107.2,107.19,107.22
2022-07-11,84923000,31763000,"ICEU","B2209",107.2,107.19,107.22
2022-07-11,84926000,31766000,"ICEU","B2209",107.2,107.19,107.22
2022-07-11,84927000,31767000,"ICEU","B2209",107.2,107.19,107.22
2022-07-11,84928000,31768000,"ICEU","B2209",107.2,107.19,107.22
2022-07-11,84930000,31770000,"ICEU","B2209",107.2,107.19,107.22
2022-07-11,84932000,31772000,"ICEU","B2209",107.2,107.19,107.22
2022-07-11,84936000,31776000,"ICEU","B2209",107.2,107.19,107.23
2022-07-11,84938000,31778000,"ICEU","B2209",107.2,107.19,107.22
2022-07-11,84939000,31779000,"ICEU","B2209",107.2,107.19,107.22
2022-07-11,84942000,31782000,"ICEU","B2209",107.2,107.19,107.21
2022-07-11,84946000,31786000,"ICEU","B2209",107.2,107.18,107.21
2022-07-11,84948000,31788000,"ICEU","B2209",107.2,107.18,107.21
2022-07-11,84949000,31789000,"ICEU","B2209",107.2,107.18,107.21
2022-07-11,84951000,31791000,"ICEU","B2209",107.2,107.19,107.23
2022-07-11,84952000,31792000,"ICEU","B2209",107.2,107.2,107.23
2022-07-11,84954000,31794000,"ICEU","B2209",107.2,107.2,107.23
2022-07-11,84955000,31795000,"ICEU","B2209",107.2,107.19,107.22
2022-07-11,84957000,31797000,"ICEU","B2209",107.2,107.19,107.22
2022-07-11,84958000,31798000,"ICEU","B2209",107.2,107.19,107.23
2022-07-11,84959000,31799000,"ICEU","B2209",107.2,107.19,107.22
2022-07-11,8.5e+07,31800000,"ICEU","B2209",107.2,107.19,107.22
2022-07-11,85001000,31801000,"ICEU","B2209",107.2,107.19,107.22
2022-07-11,85002000,31802000,"ICEU","B2209",107.2,107.2,107.22
2022-07-11,85003000,31803000,"ICEU","B2209",107.2,107.2,107.22
2022-07-11,85007000,31807000,"ICEU","B2209",107.2,107.2,107.22
2022-07-11,85008000,31808000,"ICEU","B2209",107.2,107.2,107.22
2022-07-11,85012000,31812000,"ICEU","B2209",107.2,107.2,107.22
2022-07-11,85013000,31813000,"ICEU","B2209",107.2,107.2,107.22
2022-07-11,85014000,31814000,"ICEU","B2209",107.2,107.2,107.22
2022-07-11,85016000,31816000,"ICEU","B2209",107.2,107.2,107.22
2022-07-11,85017000,31817000,"ICEU","B2209",107.2,107.2,107.22
2022-07-11,85018000,31818000,"ICEU","B2209",107.2,107.2,107.22
2022-07-11,85021000,31821000,"ICEU","B2209",107.2,107.2,107.22
2022-07-11,85023000,31823000,"ICEU","B2209",107.2,107.2,107.22
2022-07-11,85024000,31824000,"ICEU","B2209",107.2,107.19,107.22
2022-07-11,85026000,31826000,"ICEU","B2209",107.2,107.19,107.22
2022-07-11,85027000,31827000,"ICEU","B2209",107.19,107.19,107.21
2022-07-11,85029000,31829000,"ICEU","B2209",107.19,107.19,107.22
2022-07-11,85030000,31830000,"ICEU","B2209",107.19,107.2,107.23
2022-07-11,85033000,31833000,"ICEU","B2209",107.19,107.2,107.23
2022-07-11,85034000,31834000,"ICEU","B2209",107.19,107.22,107.24
2022-07-11,85035000,31835000,"ICEU","B2209",107.19,107.22,107.24
2022-07-11,85036000,31836000,"ICEU","B2209",107.19,107.22,107.24
2022-07-11,85038000,31838000,"ICEU","B2209",107.19,107.22,107.25
2022-07-11,85040000,31840000,"ICEU","B2209",107.19,107.22,107.25
2022-07-11,85041000,31841000,"ICEU","B2209",107.19,107.22,107.25
2022-07-11,85042000,31842000,"ICEU","B2209",107.19,107.22,107.25
2022-07-11,85043000,31843000,"ICEU","B2209",107.19,107.22,107.25
2022-07-11,85044000,31844000,"ICEU","B2209",107.19,107.22,107.25
2022-07-11,85045000,31845000,"ICEU","B2209",107.26,107.24,107.27
2022-07-11,85046000,31846000,"ICEU","B2209",107.26,107.24,107.27
2022-07-11,85047000,31847000,"ICEU","B2209",107.26,107.24,107.27
2022-07-11,85048000,31848000,"ICEU","B2209",107.24,107.25,107.27
2022-07-11,85050000,31850000,"ICEU","B2209",107.24,107.24,107.26
2022-07-11,85051000,31851000,"ICEU","B2209",107.24,107.24,107.27
2022-07-11,85052000,31852000,"ICEU","B2209",107.24,107.24,107.26
2022-07-11,85053000,31853000,"ICEU","B2209",107.24,107.23,107.26
2022-07-11,85054000,31854000,"ICEU","B2209",107.24,107.24,107.27
2022-07-11,85055000,31855000,"ICEU","B2209",107.24,107.24,107.27
2022-07-11,85058000,31858000,"ICEU","B2209",107.24,107.23,107.26
2022-07-11,85059000,31859000,"ICEU","B2209",107.24,107.24,107.27
2022-07-11,85100000,31860000,"ICEU","B2209",107.24,107.24,107.27
2022-07-11,85101000,31861000,"ICEU","B2209",107.24,107.24,107.26
2022-07-11,85103000,31863000,"ICEU","B2209",107.24,107.24,107.26
2022-07-11,85104000,31864000,"ICEU","B2209",107.24,107.24,107.26
2022-07-11,85106000,31866000,"ICEU","B2209",107.24,107.24,107.26
2022-07-11,85107000,31867000,"ICEU","B2209",107.24,107.24,107.26
2022-07-11,85108000,31868000,"ICEU","B2209",107.24,107.24,107.27
2022-07-11,85109000,31869000,"ICEU","B2209",107.24,107.24,107.26
2022-07-11,85110000,31870000,"ICEU","B2209",107.24,107.24,107.26
2022-07-11,85112000,31872000,"ICEU","B2209",107.24,107.24,107.26
2022-07-11,85113000,31873000,"ICEU","B2209",107.24,107.24,107.26
2022-07-11,85114000,31874000,"ICEU","B2209",107.24,107.24,107.27
2022-07-11,85115000,31875000,"ICEU","B2209",107.31,107.28,107.31
2022-07-11,85116000,31876000,"ICEU","B2209",107.31,107.26,107.29
2022-07-11,85117000,31877000,"ICEU","B2209",107.31,107.25,107.28
2022-07-11,85118000,31878000,"ICEU","B2209",107.31,107.25,107.28
2022-07-11,85119000,31879000,"ICEU","B2209",107.31,107.25,107.28
2022-07-11,85120000,31880000,"ICEU","B2209",107.31,107.25,107.28
2022-07-11,85121000,31881000,"ICEU","B2209",107.31,107.25,107.28
2022-07-11,85122000,31882000,"ICEU","B2209",107.31,107.25,107.28
2022-07-11,85123000,31883000,"ICEU","B2209",107.31,107.25,107.28
2022-07-11,85124000,31884000,"ICEU","B2209",107.31,107.25,107.28
2022-07-11,85125000,31885000,"ICEU","B2209",107.31,107.26,107.29
2022-07-11,85127000,31887000,"ICEU","B2209",107.28,107.24,107.28
2022-07-11,85129000,31889000,"ICEU","B2209",107.28,107.26,107.29
2022-07-11,85130000,31890000,"ICEU","B2209",107.28,107.26,107.29
2022-07-11,85131000,31891000,"ICEU","B2209",107.28,107.26,107.29
2022-07-11,85132000,31892000,"ICEU","B2209",107.28,107.26,107.29
2022-07-11,85133000,31893000,"ICEU","B2209",107.28,107.27,107.29
2022-07-11,85134000,31894000,"ICEU","B2209",107.28,107.27,107.29
2022-07-11,85135000,31895000,"ICEU","B2209",107.28,107.26,107.29
2022-07-11,85136000,31896000,"ICEU","B2209",107.28,107.28,107.29
2022-07-11,85137000,31897000,"ICEU","B2209",107.31,107.29,107.31
2022-07-11,85139000,31899000,"ICEU","B2209",107.31,107.29,107.31
2022-07-11,85140000,31900000,"ICEU","B2209",107.31,107.28,107.32
2022-07-11,85141000,31901000,"ICEU","B2209",107.28,107.27,107.3
2022-07-11,85142000,31902000,"ICEU","B2209",107.28,107.29,107.32
2022-07-11,85143000,31903000,"ICEU","B2209",107.28,107.29,107.32
2022-07-11,85144000,31904000,"ICEU","B2209",107.28,107.29,107.32
2022-07-11,85145000,31905000,"ICEU","B2209",107.28,107.28,107.32
2022-07-11,85146000,31906000,"ICEU","B2209",107.28,107.28,107.32
2022-07-11,85147000,31907000,"ICEU","B2209",107.28,107.28,107.32
2022-07-11,85148000,31908000,"ICEU","B2209",107.28,107.29,107.32
2022-07-11,85149000,31909000,"ICEU","B2209",107.28,107.29,107.32
2022-07-11,85151000,31911000,"ICEU","B2209",107.28,107.29,107.32
2022-07-11,85152000,31912000,"ICEU","B2209",107.28,107.28,107.32
2022-07-11,85154000,31914000,"ICEU","B2209",107.28,107.28,107.32
2022-07-11,85157000,31917000,"ICEU","B2209",107.28,107.28,107.32
2022-07-11,85200000,31920000,"ICEU","B2209",107.28,107.29,107.32
2022-07-11,85201000,31921000,"ICEU","B2209",107.28,107.3,107.32
2022-07-11,85202000,31922000,"ICEU","B2209",107.28,107.3,107.32
2022-07-11,85203000,31923000,"ICEU","B2209",107.28,107.3,107.32
2022-07-11,85204000,31924000,"ICEU","B2209",107.28,107.3,107.32
2022-07-11,85205000,31925000,"ICEU","B2209",107.28,107.3,107.32
2022-07-11,85206000,31926000,"ICEU","B2209",107.33,107.33,107.36
2022-07-11,85207000,31927000,"ICEU","B2209",107.33,107.33,107.37
2022-07-11,85208000,31928000,"ICEU","B2209",107.34,107.32,107.35
2022-07-11,85210000,31930000,"ICEU","B2209",107.34,107.32,107.35
2022-07-11,85211000,31931000,"ICEU","B2209",107.34,107.31,107.34
2022-07-11,85212000,31932000,"ICEU","B2209",107.34,107.31,107.34
2022-07-11,85213000,31933000,"ICEU","B2209",107.34,107.3,107.33
2022-07-11,85215000,31935000,"ICEU","B2209",107.34,107.3,107.33
2022-07-11,85216000,31936000,"ICEU","B2209",107.34,107.3,107.33
2022-07-11,85217000,31937000,"ICEU","B2209",107.34,107.3,107.33
2022-07-11,85218000,31938000,"ICEU","B2209",107.34,107.3,107.33
2022-07-11,85219000,31939000,"ICEU","B2209",107.3,107.3,107.33
2022-07-11,85221000,31941000,"ICEU","B2209",107.3,107.3,107.33
2022-07-11,85222000,31942000,"ICEU","B2209",107.3,107.3,107.33
2022-07-11,85224000,31944000,"ICEU","B2209",107.3,107.3,107.33
2022-07-11,85225000,31945000,"ICEU","B2209",107.3,107.3,107.33
2022-07-11,85226000,31946000,"ICEU","B2209",107.3,107.29,107.32
2022-07-11,85228000,31948000,"ICEU","B2209",107.3,107.3,107.32
2022-07-11,85229000,31949000,"ICEU","B2209",107.3,107.3,107.33
2022-07-11,85230000,31950000,"ICEU","B2209",107.3,107.29,107.32
2022-07-11,85231000,31951000,"ICEU","B2209",107.28,107.25,107.28
2022-07-11,85233000,31953000,"ICEU","B2209",107.28,107.25,107.28
2022-07-11,85234000,31954000,"ICEU","B2209",107.28,107.25,107.28
2022-07-11,85235000,31955000,"ICEU","B2209",107.28,107.25,107.28
2022-07-11,85236000,31956000,"ICEU","B2209",107.28,107.25,107.28
2022-07-11,85238000,31958000,"ICEU","B2209",107.28,107.25,107.28
2022-07-11,85240000,31960000,"ICEU","B2209",107.28,107.25,107.28
2022-07-11,85252000,31972000,"ICEU","B2209",107.28,107.23,107.26
2022-07-11,85253000,31973000,"ICEU","B2209",107.28,107.23,107.26
2022-07-11,85255000,31975000,"ICEU","B2209",107.28,107.23,107.26
2022-07-11,85256000,31976000,"ICEU","B2209",107.28,107.23,107.26
2022-07-11,85257000,31977000,"ICEU","B2209",107.28,107.23,107.26
2022-07-11,85302000,31982000,"ICEU","B2209",107.28,107.23,107.26
2022-07-11,85303000,31983000,"ICEU","B2209",107.28,107.23,107.26
2022-07-11,85304000,31984000,"ICEU","B2209",107.28,107.23,107.26
2022-07-11,85305000,31985000,"ICEU","B2209",107.28,107.23,107.26
2022-07-11,85306000,31986000,"ICEU","B2209",107.28,107.23,107.26
2022-07-11,85308000,31988000,"ICEU","B2209",107.28,107.24,107.26
2022-07-11,85309000,31989000,"ICEU","B2209",107.28,107.24,107.26
2022-07-11,85314000,31994000,"ICEU","B2209",107.28,107.24,107.26
2022-07-11,85315000,31995000,"ICEU","B2209",107.26,107.25,107.28
2022-07-11,85316000,31996000,"ICEU","B2209",107.26,107.25,107.28
2022-07-11,85321000,32001000,"ICEU","B2209",107.26,107.25,107.28
2022-07-11,85322000,32002000,"ICEU","B2209",107.26,107.25,107.28
2022-07-11,85323000,32003000,"ICEU","B2209",107.26,107.25,107.28
2022-07-11,85324000,32004000,"ICEU","B2209",107.26,107.25,107.28
2022-07-11,85326000,32006000,"ICEU","B2209",107.26,107.25,107.28
2022-07-11,85329000,32009000,"ICEU","B2209",107.26,107.25,107.28
2022-07-11,85332000,32012000,"ICEU","B2209",107.26,107.25,107.28
2022-07-11,85333000,32013000,"ICEU","B2209",107.26,107.26,107.28
2022-07-11,85335000,32015000,"ICEU","B2209",107.26,107.26,107.28
2022-07-11,85336000,32016000,"ICEU","B2209",107.26,107.26,107.27
2022-07-11,85337000,32017000,"ICEU","B2209",107.27,107.25,107.28
2022-07-11,85341000,32021000,"ICEU","B2209",107.27,107.25,107.28
2022-07-11,85348000,32028000,"ICEU","B2209",107.27,107.25,107.28
2022-07-11,85350000,32030000,"ICEU","B2209",107.27,107.25,107.28
2022-07-11,85354000,32034000,"ICEU","B2209",107.27,107.25,107.28
2022-07-11,85401000,32041000,"ICEU","B2209",107.27,107.25,107.28
2022-07-11,85404000,32044000,"ICEU","B2209",107.27,107.25,107.28
2022-07-11,85406000,32046000,"ICEU","B2209",107.27,107.25,107.28
2022-07-11,85407000,32047000,"ICEU","B2209",107.27,107.25,107.28
2022-07-11,85414000,32054000,"ICEU","B2209",107.27,107.25,107.28
2022-07-11,85415000,32055000,"ICEU","B2209",107.27,107.25,107.28
2022-07-11,85416000,32056000,"ICEU","B2209",107.27,107.25,107.28
2022-07-11,85419000,32059000,"ICEU","B2209",107.27,107.25,107.28
2022-07-11,85420000,32060000,"ICEU","B2209",107.27,107.25,107.28
2022-07-11,85421000,32061000,"ICEU","B2209",107.27,107.25,107.28
2022-07-11,85422000,32062000,"ICEU","B2209",107.27,107.25,107.28
2022-07-11,85425000,32065000,"ICEU","B2209",107.28,107.29,107.32
2022-07-11,85426000,32066000,"ICEU","B2209",107.29,107.29,107.33
2022-07-11,85431000,32071000,"ICEU","B2209",107.29,107.29,107.33
2022-07-11,85432000,32072000,"ICEU","B2209",107.29,107.29,107.32
2022-07-11,85433000,32073000,"ICEU","B2209",107.29,107.3,107.33
2022-07-11,85434000,32074000,"ICEU","B2209",107.29,107.3,107.33
2022-07-11,85435000,32075000,"ICEU","B2209",107.29,107.3,107.33
2022-07-11,85436000,32076000,"ICEU","B2209",107.29,107.3,107.33
2022-07-11,85437000,32077000,"ICEU","B2209",107.29,107.3,107.33
2022-07-11,85438000,32078000,"ICEU","B2209",107.29,107.3,107.33
2022-07-11,85439000,32079000,"ICEU","B2209",107.29,107.3,107.33
2022-07-11,85440000,32080000,"ICEU","B2209",107.29,107.3,107.32
2022-07-11,85441000,32081000,"ICEU","B2209",107.29,107.3,107.32
2022-07-11,85444000,32084000,"ICEU","B2209",107.29,107.29,107.32
2022-07-11,85454000,32094000,"ICEU","B2209",107.29,107.29,107.32
2022-07-11,85455000,32095000,"ICEU","B2209",107.29,107.26,107.3
2022-07-11,85456000,32096000,"ICEU","B2209",107.29,107.29,107.31
2022-07-11,85458000,32098000,"ICEU","B2209",107.29,107.29,107.31
2022-07-11,85459000,32099000,"ICEU","B2209",107.29,107.28,107.31
2022-07-11,85500000,32100000,"ICEU","B2209",107.29,107.28,107.31
2022-07-11,85501000,32101000,"ICEU","B2209",107.29,107.29,107.31
2022-07-11,85503000,32103000,"ICEU","B2209",107.29,107.29,107.31
2022-07-11,85505000,32105000,"ICEU","B2209",107.4,107.38,107.41
2022-07-11,85506000,32106000,"ICEU","B2209",107.38,107.37,107.4
2022-07-11,85509000,32109000,"ICEU","B2209",107.38,107.37,107.4
2022-07-11,85511000,32111000,"ICEU","B2209",107.38,107.37,107.4
2022-07-11,85512000,32112000,"ICEU","B2209",107.37,107.35,107.38
2022-07-11,85516000,32116000,"ICEU","B2209",107.37,107.35,107.38
2022-07-11,85517000,32117000,"ICEU","B2209",107.37,107.36,107.39
2022-07-11,85518000,32118000,"ICEU","B2209",107.37,107.35,107.38
2022-07-11,85519000,32119000,"ICEU","B2209",107.37,107.34,107.37
2022-07-11,85521000,32121000,"ICEU","B2209",107.37,107.34,107.37
2022-07-11,85522000,32122000,"ICEU","B2209",107.37,107.34,107.37
2022-07-11,85524000,32124000,"ICEU","B2209",107.37,107.34,107.37
2022-07-11,85525000,32125000,"ICEU","B2209",107.37,107.34,107.37
2022-07-11,85526000,32126000,"ICEU","B2209",107.37,107.34,107.36
2022-07-11,85527000,32127000,"ICEU","B2209",107.37,107.34,107.36
2022-07-11,85530000,32130000,"ICEU","B2209",107.37,107.34,107.37
2022-07-11,85532000,32132000,"ICEU","B2209",107.37,107.34,107.37
2022-07-11,85536000,32136000,"ICEU","B2209",107.37,107.34,107.37
2022-07-11,85539000,32139000,"ICEU","B2209",107.37,107.34,107.37
2022-07-11,85541000,32141000,"ICEU","B2209",107.37,107.34,107.37
2022-07-11,85549000,32149000,"ICEU","B2209",107.37,107.35,107.37
2022-07-11,85551000,32151000,"ICEU","B2209",107.37,107.33,107.36
2022-07-11,85552000,32152000,"ICEU","B2209",107.37,107.34,107.37
2022-07-11,85553000,32153000,"ICEU","B2209",107.37,107.35,107.37
2022-07-11,85554000,32154000,"ICEU","B2209",107.37,107.35,107.37
2022-07-11,85558000,32158000,"ICEU","B2209",107.37,107.35,107.37
2022-07-11,85559000,32159000,"ICEU","B2209",107.38,107.38,107.41
2022-07-11,85600000,32160000,"ICEU","B2209",107.38,107.38,107.41
2022-07-11,85601000,32161000,"ICEU","B2209",107.38,107.38,107.41
2022-07-11,85602000,32162000,"ICEU","B2209",107.38,107.38,107.41
2022-07-11,85603000,32163000,"ICEU","B2209",107.38,107.38,107.41
2022-07-11,85604000,32164000,"ICEU","B2209",107.38,107.38,107.41
2022-07-11,85605000,32165000,"ICEU","B2209",107.38,107.38,107.41
2022-07-11,85606000,32166000,"ICEU","B2209",107.38,107.37,107.4
2022-07-11,85610000,32170000,"ICEU","B2209",107.38,107.37,107.4
2022-07-11,85613000,32173000,"ICEU","B2209",107.38,107.35,107.38
2022-07-11,85614000,32174000,"ICEU","B2209",107.38,107.34,107.37
2022-07-11,85615000,32175000,"ICEU","B2209",107.38,107.34,107.37
2022-07-11,85619000,32179000,"ICEU","B2209",107.38,107.32,107.35
2022-07-11,85620000,32180000,"ICEU","B2209",107.38,107.32,107.35
2022-07-11,85624000,32184000,"ICEU","B2209",107.34,107.32,107.34
2022-07-11,85630000,32190000,"ICEU","B2209",107.34,107.32,107.34
2022-07-11,85634000,32194000,"ICEU","B2209",107.34,107.32,107.34
2022-07-11,85635000,32195000,"ICEU","B2209",107.34,107.32,107.34
2022-07-11,85636000,32196000,"ICEU","B2209",107.34,107.32,107.34
2022-07-11,85637000,32197000,"ICEU","B2209",107.34,107.32,107.34
2022-07-11,85639000,32199000,"ICEU","B2209",107.34,107.32,107.34
2022-07-11,85641000,32201000,"ICEU","B2209",107.34,107.34,107.35
2022-07-11,85644000,32204000,"ICEU","B2209",107.34,107.33,107.35
2022-07-11,85648000,32208000,"ICEU","B2209",107.34,107.33,107.35
2022-07-11,85651000,32211000,"ICEU","B2209",107.34,107.33,107.34
2022-07-11,85652000,32212000,"ICEU","B2209",107.34,107.33,107.34
2022-07-11,85656000,32216000,"ICEU","B2209",107.34,107.33,107.34
2022-07-11,85700000,32220000,"ICEU","B2209",107.34,107.35,107.36
2022-07-11,85701000,32221000,"ICEU","B2209",107.34,107.35,107.36
2022-07-11,85702000,32222000,"ICEU","B2209",107.34,107.35,107.36
2022-07-11,85703000,32223000,"ICEU","B2209",107.34,107.34,107.36
2022-07-11,85711000,32231000,"ICEU","B2209",107.34,107.34,107.37
2022-07-11,85718000,32238000,"ICEU","B2209",107.34,107.34,107.36
2022-07-11,85721000,32241000,"ICEU","B2209",107.34,107.35,107.37
2022-07-11,85722000,32242000,"ICEU","B2209",107.34,107.35,107.38
2022-07-11,85729000,32249000,"ICEU","B2209",107.34,107.35,107.38
2022-07-11,85730000,32250000,"ICEU","B2209",107.34,107.35,107.38
2022-07-11,85733000,32253000,"ICEU","B2209",107.34,107.35,107.38
2022-07-11,85734000,32254000,"ICEU","B2209",107.34,107.36,107.38
2022-07-11,85735000,32255000,"ICEU","B2209",107.34,107.36,107.38
2022-07-11,85736000,32256000,"ICEU","B2209",107.34,107.36,107.38
2022-07-11,85737000,32257000,"ICEU","B2209",107.38,107.38,107.4
2022-07-11,85738000,32258000,"ICEU","B2209",107.38,107.38,107.4
2022-07-11,85740000,32260000,"ICEU","B2209",107.38,107.38,107.4
2022-07-11,85744000,32264000,"ICEU","B2209",107.38,107.38,107.4
2022-07-11,85746000,32266000,"ICEU","B2209",107.38,107.39,107.41
2022-07-11,85749000,32269000,"ICEU","B2209",107.38,107.39,107.41
2022-07-11,85750000,32270000,"ICEU","B2209",107.38,107.39,107.41
2022-07-11,85752000,32272000,"ICEU","B2209",107.38,107.39,107.41
2022-07-11,85753000,32273000,"ICEU","B2209",107.38,107.39,107.41
2022-07-11,85755000,32275000,"ICEU","B2209",107.38,107.39,107.41
2022-07-11,85756000,32276000,"ICEU","B2209",107.39,107.39,107.4
2022-07-11,85758000,32278000,"ICEU","B2209",107.39,107.39,107.4
2022-07-11,85800000,32280000,"ICEU","B2209",107.39,107.39,107.41
2022-07-11,85801000,32281000,"ICEU","B2209",107.39,107.4,107.41
2022-07-11,85802000,32282000,"ICEU","B2209",107.4,107.4,107.41
2022-07-11,85804000,32284000,"ICEU","B2209",107.4,107.4,107.41
2022-07-11,85805000,32285000,"ICEU","B2209",107.4,107.4,107.41
2022-07-11,85806000,32286000,"ICEU","B2209",107.4,107.39,107.41
2022-07-11,85808000,32288000,"ICEU","B2209",107.4,107.39,107.41
2022-07-11,85810000,32290000,"ICEU","B2209",107.4,107.39,107.41
2022-07-11,85813000,32293000,"ICEU","B2209",107.4,107.39,107.41
2022-07-11,85814000,32294000,"ICEU","B2209",107.4,107.39,107.41
2022-07-11,85817000,32297000,"ICEU","B2209",107.4,107.39,107.41
2022-07-11,85819000,32299000,"ICEU","B2209",107.4,107.39,107.41
2022-07-11,85820000,32300000,"ICEU","B2209",107.4,107.39,107.41
2022-07-11,85823000,32303000,"ICEU","B2209",107.4,107.39,107.41
2022-07-11,85828000,32308000,"ICEU","B2209",107.42,107.42,107.44
2022-07-11,85829000,32309000,"ICEU","B2209",107.42,107.42,107.44
2022-07-11,85830000,32310000,"ICEU","B2209",107.42,107.41,107.43
2022-07-11,85832000,32312000,"ICEU","B2209",107.41,107.41,107.42
2022-07-11,85834000,32314000,"ICEU","B2209",107.41,107.4,107.42
2022-07-11,85835000,32315000,"ICEU","B2209",107.41,107.4,107.42
2022-07-11,85836000,32316000,"ICEU","B2209",107.41,107.4,107.42
2022-07-11,85839000,32319000,"ICEU","B2209",107.41,107.39,107.42
2022-07-11,85840000,32320000,"ICEU","B2209",107.41,107.41,107.43
2022-07-11,85842000,32322000,"ICEU","B2209",107.41,107.41,107.43
2022-07-11,85843000,32323000,"ICEU","B2209",107.41,107.41,107.43
2022-07-11,85844000,32324000,"ICEU","B2209",107.41,107.41,107.43
2022-07-11,85845000,32325000,"ICEU","B2209",107.41,107.43,107.46
2022-07-11,85847000,32327000,"ICEU","B2209",107.41,107.43,107.46
2022-07-11,85848000,32328000,"ICEU","B2209",107.41,107.44,107.47
2022-07-11,85850000,32330000,"ICEU","B2209",107.41,107.44,107.47
2022-07-11,85851000,32331000,"ICEU","B2209",107.41,107.44,107.47
2022-07-11,85852000,32332000,"ICEU","B2209",107.41,107.44,107.47
2022-07-11,85853000,32333000,"ICEU","B2209",107.41,107.43,107.46
2022-07-11,85855000,32335000,"ICEU","B2209",107.44,107.43,107.45
2022-07-11,85858000,32338000,"ICEU","B2209",107.44,107.44,107.47
2022-07-11,85900000,32340000,"ICEU","B2209",107.44,107.44,107.47
2022-07-11,85901000,32341000,"ICEU","B2209",107.43,107.43,107.44
2022-07-11,85902000,32342000,"ICEU","B2209",107.43,107.43,107.44
2022-07-11,85903000,32343000,"ICEU","B2209",107.43,107.42,107.44
2022-07-11,85906000,32346000,"ICEU","B2209",107.43,107.42,107.44
2022-07-11,85907000,32347000,"ICEU","B2209",107.42,107.42,107.43
2022-07-11,85908000,32348000,"ICEU","B2209",107.42,107.41,107.43
2022-07-11,85909000,32349000,"ICEU","B2209",107.42,107.41,107.43
2022-07-11,85910000,32350000,"ICEU","B2209",107.42,107.41,107.43
2022-07-11,85911000,32351000,"ICEU","B2209",107.42,107.41,107.43
2022-07-11,85912000,32352000,"ICEU","B2209",107.42,107.4,107.43
2022-07-11,85913000,32353000,"ICEU","B2209",107.42,107.4,107.41
2022-07-11,85915000,32355000,"ICEU","B2209",107.42,107.39,107.41
2022-07-11,85916000,32356000,"ICEU","B2209",107.41,107.4,107.43
2022-07-11,85917000,32357000,"ICEU","B2209",107.41,107.4,107.41
2022-07-11,85918000,32358000,"ICEU","B2209",107.41,107.4,107.41
2022-07-11,85923000,32363000,"ICEU","B2209",107.41,107.41,107.43
2022-07-11,85924000,32364000,"ICEU","B2209",107.41,107.41,107.44
2022-07-11,85925000,32365000,"ICEU","B2209",107.41,107.41,107.44
2022-07-11,85927000,32367000,"ICEU","B2209",107.41,107.41,107.44
2022-07-11,85936000,32376000,"ICEU","B2209",107.41,107.42,107.44
2022-07-11,85940000,32380000,"ICEU","B2209",107.41,107.41,107.44
2022-07-11,85941000,32381000,"ICEU","B2209",107.41,107.41,107.44
2022-07-11,85942000,32382000,"ICEU","B2209",107.41,107.41,107.44
2022-07-11,85947000,32387000,"ICEU","B2209",107.41,107.41,107.44
2022-07-11,85948000,32388000,"ICEU","B2209",107.41,107.41,107.44
2022-07-11,85950000,32390000,"ICEU","B2209",107.41,107.41,107.44
2022-07-11,85953000,32393000,"ICEU","B2209",107.41,107.41,107.44
2022-07-11,9e+07,32400000,"ICEU","B2209",107.41,107.39,107.42
2022-07-11,90001000,32401000,"ICEU","B2209",107.31,107.31,107.33
2022-07-11,90002000,32402000,"ICEU","B2209",107.3,107.3,107.32
2022-07-11,90003000,32403000,"ICEU","B2209",107.23,107.22,107.24
2022-07-11,90004000,32404000,"ICEU","B2209",107.21,107.18,107.21
2022-07-11,90005000,32405000,"ICEU","B2209",107.24,107.22,107.24
2022-07-11,90006000,32406000,"ICEU","B2209",107.22,107.2,107.22
2022-07-11,90007000,32407000,"ICEU","B2209",107.23,107.22,107.24
2022-07-11,90008000,32408000,"ICEU","B2209",107.24,107.25,107.28
2022-07-11,90009000,32409000,"ICEU","B2209",107.24,107.26,107.28
2022-07-11,90010000,32410000,"ICEU","B2209",107.26,107.23,107.26
2022-07-11,90011000,32411000,"ICEU","B2209",107.26,107.21,107.24
2022-07-11,90012000,32412000,"ICEU","B2209",107.26,107.23,107.25
2022-07-11,90013000,32413000,"ICEU","B2209",107.24,107.24,107.27
2022-07-11,90014000,32414000,"ICEU","B2209",107.27,107.27,107.29
2022-07-11,90015000,32415000,"ICEU","B2209",107.27,107.26,107.29
2022-07-11,90016000,32416000,"ICEU","B2209",107.28,107.25,107.28
2022-07-11,90017000,32417000,"ICEU","B2209",107.28,107.25,107.28
2022-07-11,90018000,32418000,"ICEU","B2209",107.28,107.23,107.25
2022-07-11,90019000,32419000,"ICEU","B2209",107.24,107.22,107.25
2022-07-11,90020000,32420000,"ICEU","B2209",107.24,107.26,107.29
2022-07-11,90021000,32421000,"ICEU","B2209",107.24,107.26,107.29
2022-07-11,90022000,32422000,"ICEU","B2209",107.24,107.27,107.29
2022-07-11,90023000,32423000,"ICEU","B2209",107.24,107.27,107.29
2022-07-11,90024000,32424000,"ICEU","B2209",107.33,107.34,107.35
2022-07-11,90025000,32425000,"ICEU","B2209",107.34,107.33,107.35
2022-07-11,90026000,32426000,"ICEU","B2209",107.34,107.33,107.35
2022-07-11,90027000,32427000,"ICEU","B2209",107.35,107.36,107.39
2022-07-11,90028000,32428000,"ICEU","B2209",107.36,107.35,107.37
2022-07-11,90029000,32429000,"ICEU","B2209",107.36,107.35,107.38
2022-07-11,90030000,32430000,"ICEU","B2209",107.38,107.39,107.42
2022-07-11,90031000,32431000,"ICEU","B2209",107.4,107.4,107.44
2022-07-11,90032000,32432000,"ICEU","B2209",107.4,107.41,107.44
2022-07-11,90033000,32433000,"ICEU","B2209",107.45,107.43,107.45
2022-07-11,90034000,32434000,"ICEU","B2209",107.45,107.43,107.46
2022-07-11,90035000,32435000,"ICEU","B2209",107.45,107.46,107.48
2022-07-11,90036000,32436000,"ICEU","B2209",107.49,107.49,107.51
2022-07-11,90037000,32437000,"ICEU","B2209",107.49,107.48,107.51
2022-07-11,90038000,32438000,"ICEU","B2209",107.49,107.48,107.51
2022-07-11,90039000,32439000,"ICEU","B2209",107.48,107.46,107.48
2022-07-11,90040000,32440000,"ICEU","B2209",107.48,107.43,107.46
2022-07-11,90041000,32441000,"ICEU","B2209",107.48,107.42,107.44
2022-07-11,90042000,32442000,"ICEU","B2209",107.41,107.4,107.42
2022-07-11,90043000,32443000,"ICEU","B2209",107.41,107.4,107.42
2022-07-11,90044000,32444000,"ICEU","B2209",107.42,107.42,107.45
2022-07-11,90045000,32445000,"ICEU","B2209",107.42,107.4,107.43
2022-07-11,90046000,32446000,"ICEU","B2209",107.42,107.41,107.44
2022-07-11,90047000,32447000,"ICEU","B2209",107.42,107.41,107.44
2022-07-11,90048000,32448000,"ICEU","B2209",107.38,107.35,107.38
2022-07-11,90049000,32449000,"ICEU","B2209",107.36,107.36,107.38
2022-07-11,90050000,32450000,"ICEU","B2209",107.36,107.37,107.4
2022-07-11,90051000,32451000,"ICEU","B2209",107.36,107.36,107.39
2022-07-11,90052000,32452000,"ICEU","B2209",107.36,107.36,107.39
2022-07-11,90053000,32453000,"ICEU","B2209",107.36,107.37,107.39
2022-07-11,90054000,32454000,"ICEU","B2209",107.36,107.37,107.39
2022-07-11,90055000,32455000,"ICEU","B2209",107.39,107.39,107.42
2022-07-11,90056000,32456000,"ICEU","B2209",107.39,107.39,107.42
2022-07-11,90057000,32457000,"ICEU","B2209",107.39,107.34,107.37
2022-07-11,90058000,32458000,"ICEU","B2209",107.39,107.33,107.36
2022-07-11,90059000,32459000,"ICEU","B2209",107.33,107.33,107.36
2022-07-11,90100000,32460000,"ICEU","B2209",107.34,107.3,107.33
2022-07-11,90101000,32461000,"ICEU","B2209",107.33,107.32,107.35
2022-07-11,90102000,32462000,"ICEU","B2209",107.33,107.31,107.34
2022-07-11,90103000,32463000,"ICEU","B2209",107.33,107.31,107.35
2022-07-11,90104000,32464000,"ICEU","B2209",107.32,107.3,107.33
2022-07-11,90105000,32465000,"ICEU","B2209",107.29,107.28,107.31
2022-07-11,90106000,32466000,"ICEU","B2209",107.29,107.27,107.28
2022-07-11,90107000,32467000,"ICEU","B2209",107.26,107.22,107.24
2022-07-11,90108000,32468000,"ICEU","B2209",107.26,107.2,107.22
2022-07-11,90109000,32469000,"ICEU","B2209",107.19,107.18,107.2
2022-07-11,90110000,32470000,"ICEU","B2209",107.18,107.15,107.17
2022-07-11,90111000,32471000,"ICEU","B2209",107.14,107.13,107.15
2022-07-11,90112000,32472000,"ICEU","B2209",107.16,107.16,107.18
2022-07-11,90113000,32473000,"ICEU","B2209",107.16,107.14,107.17
2022-07-11,90114000,32474000,"ICEU","B2209",107.14,107.14,107.16
2022-07-11,90115000,32475000,"ICEU","B2209",107.14,107.13,107.15
2022-07-11,90116000,32476000,"ICEU","B2209",107.13,107.12,107.14
2022-07-11,90117000,32477000,"ICEU","B2209",107.17,107.18,107.2
2022-07-11,90118000,32478000,"ICEU","B2209",107.17,107.18,107.21
2022-07-11,90119000,32479000,"ICEU","B2209",107.21,107.19,107.22
2022-07-11,90120000,32480000,"ICEU","B2209",107.21,107.18,107.21
2022-07-11,90121000,32481000,"ICEU","B2209",107.21,107.2,107.22
2022-07-11,90122000,32482000,"ICEU","B2209",107.19,107.17,107.2
2022-07-11,90123000,32483000,"ICEU","B2209",107.19,107.13,107.16
2022-07-11,90124000,32484000,"ICEU","B2209",107.15,107.14,107.17
2022-07-11,90125000,32485000,"ICEU","B2209",107.13,107.11,107.14
2022-07-11,90126000,32486000,"ICEU","B2209",107.16,107.11,107.14
2022-07-11,90127000,32487000,"ICEU","B2209",107.16,107.09,107.12
2022-07-11,90128000,32488000,"ICEU","B2209",107.11,107.1,107.12
2022-07-11,90129000,32489000,"ICEU","B2209",107.11,107.09,107.12
2022-07-11,90130000,32490000,"ICEU","B2209",107.1,107.08,107.11
2022-07-11,90131000,32491000,"ICEU","B2209",107.08,107.07,107.1
2022-07-11,90132000,32492000,"ICEU","B2209",107.09,107.09,107.11
2022-07-11,90133000,32493000,"ICEU","B2209",107.11,107.09,107.12
2022-07-11,90134000,32494000,"ICEU","B2209",107.11,107.1,107.13
2022-07-11,90135000,32495000,"ICEU","B2209",107.11,107.1,107.13
2022-07-11,90136000,32496000,"ICEU","B2209",107.11,107.11,107.13
2022-07-11,90137000,32497000,"ICEU","B2209",107.11,107.11,107.15
2022-07-11,90138000,32498000,"ICEU","B2209",107.09,107.08,107.12
2022-07-11,90139000,32499000,"ICEU","B2209",107.09,107.09,107.13
2022-07-11,90140000,32500000,"ICEU","B2209",107.09,107.08,107.11
2022-07-11,90141000,32501000,"ICEU","B2209",107.09,107.09,107.13
2022-07-11,90142000,32502000,"ICEU","B2209",107.09,107.09,107.12
2022-07-11,90143000,32503000,"ICEU","B2209",107.12,107.1,107.14
2022-07-11,90144000,32504000,"ICEU","B2209",107.15,107.13,107.16
2022-07-11,90145000,32505000,"ICEU","B2209",107.15,107.12,107.15
2022-07-11,90146000,32506000,"ICEU","B2209",107.15,107.12,107.16
2022-07-11,90147000,32507000,"ICEU","B2209",107.15,107.12,107.15
2022-07-11,90148000,32508000,"ICEU","B2209",107.15,107.12,107.15
2022-07-11,90150000,32510000,"ICEU","B2209",107.15,107.12,107.15
2022-07-11,90151000,32511000,"ICEU","B2209",107.15,107.12,107.16
2022-07-11,90152000,32512000,"ICEU","B2209",107.15,107.12,107.15
2022-07-11,90153000,32513000,"ICEU","B2209",107.15,107.13,107.17
2022-07-11,90154000,32514000,"ICEU","B2209",107.15,107.15,107.19
2022-07-11,90155000,32515000,"ICEU","B2209",107.15,107.15,107.18
2022-07-11,90156000,32516000,"ICEU","B2209",107.17,107.16,107.19
2022-07-11,90157000,32517000,"ICEU","B2209",107.17,107.15,107.18
2022-07-11,90158000,32518000,"ICEU","B2209",107.17,107.15,107.18
2022-07-11,90159000,32519000,"ICEU","B2209",107.17,107.14,107.17
2022-07-11,90200000,32520000,"ICEU","B2209",107.14,107.11,107.14
2022-07-11,90201000,32521000,"ICEU","B2209",107.14,107.11,107.14
2022-07-11,90202000,32522000,"ICEU","B2209",107.14,107.12,107.15
2022-07-11,90203000,32523000,"ICEU","B2209",107.14,107.12,107.15
2022-07-11,90204000,32524000,"ICEU","B2209",107.14,107.12,107.14
2022-07-11,90205000,32525000,"ICEU","B2209",107.11,107.09,107.12
2022-07-11,90206000,32526000,"ICEU","B2209",107.11,107.09,107.11
2022-07-11,90207000,32527000,"ICEU","B2209",107.1,107.11,107.14
2022-07-11,90208000,32528000,"ICEU","B2209",107.14,107.13,107.16
2022-07-11,90209000,32529000,"ICEU","B2209",107.16,107.15,107.18
2022-07-11,90210000,32530000,"ICEU","B2209",107.16,107.15,107.18
2022-07-11,90211000,32531000,"ICEU","B2209",107.16,107.13,107.16
2022-07-11,90212000,32532000,"ICEU","B2209",107.16,107.13,107.17
2022-07-11,90213000,32533000,"ICEU","B2209",107.17,107.15,107.18
2022-07-11,90214000,32534000,"ICEU","B2209",107.17,107.15,107.19
2022-07-11,90215000,32535000,"ICEU","B2209",107.17,107.16,107.19
2022-07-11,90216000,32536000,"ICEU","B2209",107.17,107.18,107.21
2022-07-11,90217000,32537000,"ICEU","B2209",107.18,107.16,107.18
2022-07-11,90218000,32538000,"ICEU","B2209",107.16,107.14,107.18
2022-07-11,90219000,32539000,"ICEU","B2209",107.14,107.12,107.15
2022-07-11,90220000,32540000,"ICEU","B2209",107.14,107.12,107.15
2022-07-11,90221000,32541000,"ICEU","B2209",107.13,107.12,107.15
2022-07-11,90222000,32542000,"ICEU","B2209",107.13,107.12,107.15
2022-07-11,90223000,32543000,"ICEU","B2209",107.13,107.1,107.13
2022-07-11,90224000,32544000,"ICEU","B2209",107.13,107.08,107.11
2022-07-11,90225000,32545000,"ICEU","B2209",107.13,107.08,107.11
2022-07-11,90226000,32546000,"ICEU","B2209",107.13,107.08,107.11
2022-07-11,90227000,32547000,"ICEU","B2209",107.09,107.07,107.1
2022-07-11,90228000,32548000,"ICEU","B2209",107.13,107.09,107.11
2022-07-11,90229000,32549000,"ICEU","B2209",107.11,107.1,107.13
2022-07-11,90230000,32550000,"ICEU","B2209",107.11,107.11,107.14
2022-07-11,90231000,32551000,"ICEU","B2209",107.11,107.13,107.15
2022-07-11,90232000,32552000,"ICEU","B2209",107.11,107.12,107.15
2022-07-11,90233000,32553000,"ICEU","B2209",107.11,107.1,107.13
2022-07-11,90234000,32554000,"ICEU","B2209",107.11,107.09,107.13
2022-07-11,90235000,32555000,"ICEU","B2209",107.11,107.11,107.13
2022-07-11,90236000,32556000,"ICEU","B2209",107.13,107.14,107.18
2022-07-11,90237000,32557000,"ICEU","B2209",107.15,107.15,107.18
2022-07-11,90238000,32558000,"ICEU","B2209",107.15,107.15,107.18
2022-07-11,90239000,32559000,"ICEU","B2209",107.15,107.12,107.15
2022-07-11,90240000,32560000,"ICEU","B2209",107.15,107.14,107.17
2022-07-11,90241000,32561000,"ICEU","B2209",107.18,107.17,107.21
2022-07-11,90242000,32562000,"ICEU","B2209",107.18,107.17,107.2
2022-07-11,90243000,32563000,"ICEU","B2209",107.18,107.17,107.21
2022-07-11,90244000,32564000,"ICEU","B2209",107.18,107.17,107.21
2022-07-11,90245000,32565000,"ICEU","B2209",107.18,107.18,107.21
2022-07-11,90246000,32566000,"ICEU","B2209",107.18,107.18,107.21
2022-07-11,90247000,32567000,"ICEU","B2209",107.18,107.16,107.19
2022-07-11,90248000,32568000,"ICEU","B2209",107.18,107.17,107.21
2022-07-11,90249000,32569000,"ICEU","B2209",107.18,107.17,107.21
2022-07-11,90250000,32570000,"ICEU","B2209",107.22,107.2,107.24
2022-07-11,90251000,32571000,"ICEU","B2209",107.22,107.21,107.24
2022-07-11,90252000,32572000,"ICEU","B2209",107.22,107.21,107.23
2022-07-11,90253000,32573000,"ICEU","B2209",107.22,107.2,107.23
2022-07-11,90254000,32574000,"ICEU","B2209",107.22,107.2,107.23
2022-07-11,90255000,32575000,"ICEU","B2209",107.22,107.2,107.24
2022-07-11,90256000,32576000,"ICEU","B2209",107.22,107.21,107.24
2022-07-11,90258000,32578000,"ICEU","B2209",107.22,107.21,107.24
2022-07-11,90259000,32579000,"ICEU","B2209",107.22,107.21,107.24
2022-07-11,90300000,32580000,"ICEU","B2209",107.26,107.25,107.28
2022-07-11,90301000,32581000,"ICEU","B2209",107.26,107.25,107.28
2022-07-11,90302000,32582000,"ICEU","B2209",107.26,107.25,107.28
2022-07-11,90303000,32583000,"ICEU","B2209",107.26,107.27,107.3
2022-07-11,90304000,32584000,"ICEU","B2209",107.31,107.31,107.33
2022-07-11,90305000,32585000,"ICEU","B2209",107.31,107.3,107.32
2022-07-11,90306000,32586000,"ICEU","B2209",107.3,107.28,107.31
2022-07-11,90307000,32587000,"ICEU","B2209",107.3,107.28,107.31
2022-07-11,90308000,32588000,"ICEU","B2209",107.3,107.28,107.33
2022-07-11,90309000,32589000,"ICEU","B2209",107.3,107.28,107.31
2022-07-11,90310000,32590000,"ICEU","B2209",107.3,107.28,107.3
2022-07-11,90311000,32591000,"ICEU","B2209",107.3,107.28,107.3
2022-07-11,90312000,32592000,"ICEU","B2209",107.3,107.28,107.31
2022-07-11,90313000,32593000,"ICEU","B2209",107.3,107.28,107.3
2022-07-11,90314000,32594000,"ICEU","B2209",107.3,107.25,107.27
2022-07-11,90315000,32595000,"ICEU","B2209",107.25,107.2,107.23
2022-07-11,90316000,32596000,"ICEU","B2209",107.25,107.21,107.22
2022-07-11,90317000,32597000,"ICEU","B2209",107.21,107.19,107.22
2022-07-11,90319000,32599000,"ICEU","B2209",107.21,107.19,107.22
2022-07-11,90320000,32600000,"ICEU","B2209",107.21,107.17,107.2
2022-07-11,90321000,32601000,"ICEU","B2209",107.21,107.17,107.2
2022-07-11,90322000,32602000,"ICEU","B2209",107.21,107.17,107.2
2022-07-11,90323000,32603000,"ICEU","B2209",107.21,107.17,107.2
2022-07-11,90324000,32604000,"ICEU","B2209",107.2,107.19,107.22
2022-07-11,90325000,32605000,"ICEU","B2209",107.17,107.16,107.19
2022-07-11,90326000,32606000,"ICEU","B2209",107.16,107.14,107.17
2022-07-11,90327000,32607000,"ICEU","B2209",107.16,107.16,107.19
2022-07-11,90328000,32608000,"ICEU","B2209",107.16,107.17,107.2
2022-07-11,90329000,32609000,"ICEU","B2209",107.16,107.15,107.18
2022-07-11,90330000,32610000,"ICEU","B2209",107.16,107.15,107.19
2022-07-11,90331000,32611000,"ICEU","B2209",107.16,107.16,107.19
2022-07-11,90332000,32612000,"ICEU","B2209",107.19,107.21,107.24
2022-07-11,90333000,32613000,"ICEU","B2209",107.19,107.23,107.26
2022-07-11,90334000,32614000,"ICEU","B2209",107.19,107.24,107.27
2022-07-11,90335000,32615000,"ICEU","B2209",107.19,107.24,107.27
2022-07-11,90336000,32616000,"ICEU","B2209",107.19,107.24,107.28
2022-07-11,90337000,32617000,"ICEU","B2209",107.19,107.24,107.28
2022-07-11,90338000,32618000,"ICEU","B2209",107.19,107.24,107.27
2022-07-11,90340000,32620000,"ICEU","B2209",107.19,107.25,107.28
2022-07-11,90341000,32621000,"ICEU","B2209",107.25,107.23,107.25
2022-07-11,90342000,32622000,"ICEU","B2209",107.22,107.2,107.24
2022-07-11,90343000,32623000,"ICEU","B2209",107.22,107.2,107.24
2022-07-11,90344000,32624000,"ICEU","B2209",107.22,107.19,107.22
2022-07-11,90345000,32625000,"ICEU","B2209",107.22,107.19,107.23
2022-07-11,90346000,32626000,"ICEU","B2209",107.22,107.19,107.22
2022-07-11,90347000,32627000,"ICEU","B2209",107.22,107.14,107.18
2022-07-11,90348000,32628000,"ICEU","B2209",107.22,107.14,107.18
2022-07-11,90352000,32632000,"ICEU","B2209",107.22,107.14,107.17
2022-07-11,90353000,32633000,"ICEU","B2209",107.18,107.2,107.23
2022-07-11,90354000,32634000,"ICEU","B2209",107.18,107.2,107.23
2022-07-11,90356000,32636000,"ICEU","B2209",107.18,107.17,107.21
2022-07-11,90357000,32637000,"ICEU","B2209",107.18,107.17,107.21
2022-07-11,90358000,32638000,"ICEU","B2209",107.18,107.14,107.18
2022-07-11,90359000,32639000,"ICEU","B2209",107.18,107.14,107.17
2022-07-11,90400000,32640000,"ICEU","B2209",107.18,107.19,107.22
2022-07-11,90401000,32641000,"ICEU","B2209",107.22,107.21,107.24
2022-07-11,90402000,32642000,"ICEU","B2209",107.22,107.22,107.25
2022-07-11,90403000,32643000,"ICEU","B2209",107.21,107.19,107.22
2022-07-11,90404000,32644000,"ICEU","B2209",107.21,107.14,107.17
2022-07-11,90405000,32645000,"ICEU","B2209",107.21,107.14,107.17
2022-07-11,90406000,32646000,"ICEU","B2209",107.2,107.19,107.22
2022-07-11,90407000,32647000,"ICEU","B2209",107.2,107.21,107.24
2022-07-11,90408000,32648000,"ICEU","B2209",107.2,107.2,107.23
2022-07-11,90409000,32649000,"ICEU","B2209",107.2,107.18,107.2
2022-07-11,90410000,32650000,"ICEU","B2209",107.2,107.18,107.2
2022-07-11,90411000,32651000,"ICEU","B2209",107.2,107.15,107.18
2022-07-11,90412000,32652000,"ICEU","B2209",107.2,107.15,107.18
2022-07-11,90413000,32653000,"ICEU","B2209",107.2,107.15,107.18
2022-07-11,90414000,32654000,"ICEU","B2209",107.2,107.18,107.2
2022-07-11,90415000,32655000,"ICEU","B2209",107.18,107.15,107.17
2022-07-11,90416000,32656000,"ICEU","B2209",107.18,107.15,107.17
2022-07-11,90417000,32657000,"ICEU","B2209",107.17,107.16,107.19
2022-07-11,90418000,32658000,"ICEU","B2209",107.17,107.13,107.17
2022-07-11,90420000,32660000,"ICEU","B2209",107.17,107.12,107.16
2022-07-11,90421000,32661000,"ICEU","B2209",107.17,107.12,107.16
2022-07-11,90424000,32664000,"ICEU","B2209",107.17,107.13,107.16
2022-07-11,90425000,32665000,"ICEU","B2209",107.14,107.11,107.15
2022-07-11,90426000,32666000,"ICEU","B2209",107.13,107.1,107.14
2022-07-11,90428000,32668000,"ICEU","B2209",107.13,107.1,107.13
2022-07-11,90429000,32669000,"ICEU","B2209",107.13,107.13,107.16
2022-07-11,90430000,32670000,"ICEU","B2209",107.13,107.13,107.16
2022-07-11,90431000,32671000,"ICEU","B2209",107.16,107.13,107.17
2022-07-11,90432000,32672000,"ICEU","B2209",107.16,107.14,107.17
2022-07-11,90433000,32673000,"ICEU","B2209",107.16,107.13,107.16
2022-07-11,90434000,32674000,"ICEU","B2209",107.16,107.15,107.17
2022-07-11,90435000,32675000,"ICEU","B2209",107.17,107.16,107.19
2022-07-11,90436000,32676000,"ICEU","B2209",107.17,107.18,107.21
2022-07-11,90438000,32678000,"ICEU","B2209",107.18,107.16,107.19
2022-07-11,90439000,32679000,"ICEU","B2209",107.15,107.13,107.16
2022-07-11,90440000,32680000,"ICEU","B2209",107.13,107.1,107.11
2022-07-11,90443000,32683000,"ICEU","B2209",107.1,107.07,107.1
2022-07-11,90444000,32684000,"ICEU","B2209",107.1,107.07,107.1
2022-07-11,90445000,32685000,"ICEU","B2209",107.1,107.07,107.1
2022-07-11,90446000,32686000,"ICEU","B2209",107.07,107.04,107.07
2022-07-11,90447000,32687000,"ICEU","B2209",107.07,107.03,107.06
2022-07-11,90448000,32688000,"ICEU","B2209",107.07,107.03,107.06
2022-07-11,90449000,32689000,"ICEU","B2209",107.06,107.05,107.08
2022-07-11,90450000,32690000,"ICEU","B2209",107.06,107.03,107.06
2022-07-11,90451000,32691000,"ICEU","B2209",107.03,107.01,107.04
2022-07-11,90452000,32692000,"ICEU","B2209",107.03,107.02,107.05
2022-07-11,90453000,32693000,"ICEU","B2209",107.03,107.01,107.04
2022-07-11,90454000,32694000,"ICEU","B2209",107.03,107.01,107.04
2022-07-11,90455000,32695000,"ICEU","B2209",107,107,107.03
2022-07-11,90456000,32696000,"ICEU","B2209",107,107,107.03
2022-07-11,90457000,32697000,"ICEU","B2209",107,107,107.03
2022-07-11,90458000,32698000,"ICEU","B2209",107,107,107.03
2022-07-11,90459000,32699000,"ICEU","B2209",107,107,107.03
2022-07-11,90500000,32700000,"ICEU","B2209",107,107,107.02
2022-07-11,90501000,32701000,"ICEU","B2209",107,107,107.02
2022-07-11,90502000,32702000,"ICEU","B2209",106.98,106.97,106.99
2022-07-11,90503000,32703000,"ICEU","B2209",106.97,106.97,106.98
2022-07-11,90504000,32704000,"ICEU","B2209",106.97,106.96,106.99
2022-07-11,90505000,32705000,"ICEU","B2209",106.99,106.97,107
2022-07-11,90506000,32706000,"ICEU","B2209",106.99,106.96,106.99
2022-07-11,90507000,32707000,"ICEU","B2209",106.99,106.96,106.98
2022-07-11,90508000,32708000,"ICEU","B2209",106.96,106.96,106.98
2022-07-11,90509000,32709000,"ICEU","B2209",106.96,106.9,106.93
2022-07-11,90510000,32710000,"ICEU","B2209",106.88,106.87,106.9
2022-07-11,90511000,32711000,"ICEU","B2209",106.88,106.86,106.89
2022-07-11,90512000,32712000,"ICEU","B2209",106.86,106.86,106.89
2022-07-11,90513000,32713000,"ICEU","B2209",106.89,106.85,106.88
2022-07-11,90514000,32714000,"ICEU","B2209",106.88,106.88,106.9
2022-07-11,90515000,32715000,"ICEU","B2209",106.87,106.88,106.9
2022-07-11,90516000,32716000,"ICEU","B2209",106.87,106.85,106.88
2022-07-11,90517000,32717000,"ICEU","B2209",106.88,106.87,106.89
2022-07-11,90518000,32718000,"ICEU","B2209",106.88,106.84,106.86
2022-07-11,90519000,32719000,"ICEU","B2209",106.84,106.84,106.86
2022-07-11,90520000,32720000,"ICEU","B2209",106.85,106.84,106.86
2022-07-11,90521000,32721000,"ICEU","B2209",106.84,106.82,106.85
2022-07-11,90522000,32722000,"ICEU","B2209",106.84,106.82,106.85
2022-07-11,90523000,32723000,"ICEU","B2209",106.84,106.81,106.84
2022-07-11,90524000,32724000,"ICEU","B2209",106.85,106.8,106.83
2022-07-11,90525000,32725000,"ICEU","B2209",106.85,106.79,106.82
2022-07-11,90526000,32726000,"ICEU","B2209",106.85,106.79,106.82
2022-07-11,90527000,32727000,"ICEU","B2209",106.81,106.78,106.81
2022-07-11,90528000,32728000,"ICEU","B2209",106.81,106.78,106.81
2022-07-11,90529000,32729000,"ICEU","B2209",106.82,106.81,106.84
2022-07-11,90530000,32730000,"ICEU","B2209",106.82,106.79,106.82
2022-07-11,90531000,32731000,"ICEU","B2209",106.77,106.76,106.79
2022-07-11,90532000,32732000,"ICEU","B2209",106.77,106.76,106.79
2022-07-11,90533000,32733000,"ICEU","B2209",106.82,106.8,106.82
2022-07-11,90534000,32734000,"ICEU","B2209",106.82,106.81,106.84
2022-07-11,90535000,32735000,"ICEU","B2209",106.82,106.82,106.84
2022-07-11,90536000,32736000,"ICEU","B2209",106.88,106.87,106.89
2022-07-11,90537000,32737000,"ICEU","B2209",106.87,106.86,106.89
2022-07-11,90538000,32738000,"ICEU","B2209",106.87,106.86,106.89
2022-07-11,90539000,32739000,"ICEU","B2209",106.86,106.84,106.87
2022-07-11,90540000,32740000,"ICEU","B2209",106.86,106.83,106.86
2022-07-11,90541000,32741000,"ICEU","B2209",106.86,106.83,106.86
2022-07-11,90542000,32742000,"ICEU","B2209",106.86,106.86,106.89
2022-07-11,90543000,32743000,"ICEU","B2209",106.88,106.87,106.9
2022-07-11,90544000,32744000,"ICEU","B2209",106.88,106.87,106.9
2022-07-11,90545000,32745000,"ICEU","B2209",106.88,106.87,106.9
2022-07-11,90546000,32746000,"ICEU","B2209",106.88,106.86,106.89
2022-07-11,90547000,32747000,"ICEU","B2209",106.86,106.83,106.85
2022-07-11,90548000,32748000,"ICEU","B2209",106.86,106.83,106.85
2022-07-11,90549000,32749000,"ICEU","B2209",106.83,106.81,106.84
2022-07-11,90550000,32750000,"ICEU","B2209",106.83,106.82,106.84
2022-07-11,90551000,32751000,"ICEU","B2209",106.83,106.82,106.85
2022-07-11,90552000,32752000,"ICEU","B2209",106.83,106.82,106.85
2022-07-11,90553000,32753000,"ICEU","B2209",106.83,106.82,106.85
2022-07-11,90554000,32754000,"ICEU","B2209",106.83,106.82,106.85
2022-07-11,90555000,32755000,"ICEU","B2209",106.83,106.83,106.86
2022-07-11,90556000,32756000,"ICEU","B2209",106.83,106.83,106.86
2022-07-11,90557000,32757000,"ICEU","B2209",106.83,106.83,106.86
2022-07-11,90558000,32758000,"ICEU","B2209",106.87,106.85,106.88
2022-07-11,90559000,32759000,"ICEU","B2209",106.85,106.83,106.85
2022-07-11,90600000,32760000,"ICEU","B2209",106.82,106.8,106.83
2022-07-11,90601000,32761000,"ICEU","B2209",106.81,106.79,106.82
2022-07-11,90602000,32762000,"ICEU","B2209",106.83,106.84,106.86
2022-07-11,90603000,32763000,"ICEU","B2209",106.84,106.81,106.84
2022-07-11,90604000,32764000,"ICEU","B2209",106.79,106.77,106.8
2022-07-11,90605000,32765000,"ICEU","B2209",106.79,106.79,106.82
2022-07-11,90606000,32766000,"ICEU","B2209",106.79,106.78,106.81
2022-07-11,90607000,32767000,"ICEU","B2209",106.79,106.8,106.82
2022-07-11,90608000,32768000,"ICEU","B2209",106.79,106.81,106.84
2022-07-11,90609000,32769000,"ICEU","B2209",106.79,106.82,106.84
2022-07-11,90610000,32770000,"ICEU","B2209",106.79,106.82,106.84
2022-07-11,90611000,32771000,"ICEU","B2209",106.84,106.82,106.87
2022-07-11,90612000,32772000,"ICEU","B2209",106.83,106.82,106.85
2022-07-11,90613000,32773000,"ICEU","B2209",106.83,106.82,106.85
2022-07-11,90614000,32774000,"ICEU","B2209",106.83,106.82,106.85
2022-07-11,90615000,32775000,"ICEU","B2209",106.83,106.81,106.84
2022-07-11,90616000,32776000,"ICEU","B2209",106.83,106.78,106.81
2022-07-11,90617000,32777000,"ICEU","B2209",106.83,106.77,106.79
2022-07-11,90618000,32778000,"ICEU","B2209",106.77,106.76,106.78
2022-07-11,90619000,32779000,"ICEU","B2209",106.77,106.76,106.78
2022-07-11,90620000,32780000,"ICEU","B2209",106.77,106.75,106.77
2022-07-11,90621000,32781000,"ICEU","B2209",106.76,106.75,106.77
2022-07-11,90622000,32782000,"ICEU","B2209",106.78,106.75,106.78
2022-07-11,90623000,32783000,"ICEU","B2209",106.78,106.75,106.77
2022-07-11,90624000,32784000,"ICEU","B2209",106.77,106.78,106.81
2022-07-11,90625000,32785000,"ICEU","B2209",106.79,106.78,106.81
2022-07-11,90626000,32786000,"ICEU","B2209",106.78,106.76,106.79
2022-07-11,90627000,32787000,"ICEU","B2209",106.78,106.77,106.8
2022-07-11,90628000,32788000,"ICEU","B2209",106.82,106.8,106.83
2022-07-11,90629000,32789000,"ICEU","B2209",106.82,106.8,106.83
2022-07-11,90630000,32790000,"ICEU","B2209",106.82,106.77,106.79
2022-07-11,90631000,32791000,"ICEU","B2209",106.73,106.69,106.72
2022-07-11,90632000,32792000,"ICEU","B2209",106.74,106.73,106.77
2022-07-11,90633000,32793000,"ICEU","B2209",106.73,106.72,106.75
2022-07-11,90634000,32794000,"ICEU","B2209",106.73,106.75,106.78
2022-07-11,90635000,32795000,"ICEU","B2209",106.77,106.74,106.77
2022-07-11,90636000,32796000,"ICEU","B2209",106.77,106.76,106.79
2022-07-11,90637000,32797000,"ICEU","B2209",106.74,106.73,106.76
2022-07-11,90638000,32798000,"ICEU","B2209",106.74,106.73,106.75
2022-07-11,90639000,32799000,"ICEU","B2209",106.69,106.67,106.71
2022-07-11,90640000,32800000,"ICEU","B2209",106.7,106.67,106.7
2022-07-11,90641000,32801000,"ICEU","B2209",106.69,106.67,106.7
2022-07-11,90642000,32802000,"ICEU","B2209",106.71,106.71,106.74
2022-07-11,90643000,32803000,"ICEU","B2209",106.71,106.73,106.76
2022-07-11,90644000,32804000,"ICEU","B2209",106.75,106.74,106.77
2022-07-11,90645000,32805000,"ICEU","B2209",106.75,106.74,106.77
2022-07-11,90646000,32806000,"ICEU","B2209",106.75,106.74,106.77
2022-07-11,90648000,32808000,"ICEU","B2209",106.75,106.73,106.76
2022-07-11,90649000,32809000,"ICEU","B2209",106.75,106.76,106.79
2022-07-11,90650000,32810000,"ICEU","B2209",106.75,106.73,106.77
2022-07-11,90651000,32811000,"ICEU","B2209",106.76,106.75,106.78
2022-07-11,90652000,32812000,"ICEU","B2209",106.76,106.71,106.73
2022-07-11,90653000,32813000,"ICEU","B2209",106.76,106.7,106.73
2022-07-11,90654000,32814000,"ICEU","B2209",106.76,106.71,106.74
2022-07-11,90655000,32815000,"ICEU","B2209",106.71,106.71,106.74
2022-07-11,90656000,32816000,"ICEU","B2209",106.71,106.71,106.74
2022-07-11,90657000,32817000,"ICEU","B2209",106.71,106.7,106.73
2022-07-11,90658000,32818000,"ICEU","B2209",106.72,106.71,106.74
2022-07-11,90659000,32819000,"ICEU","B2209",106.77,106.74,106.77
2022-07-11,90700000,32820000,"ICEU","B2209",106.76,106.75,106.78
2022-07-11,90701000,32821000,"ICEU","B2209",106.76,106.75,106.78
2022-07-11,90702000,32822000,"ICEU","B2209",106.76,106.75,106.78
2022-07-11,90703000,32823000,"ICEU","B2209",106.75,106.75,106.78
2022-07-11,90704000,32824000,"ICEU","B2209",106.75,106.75,106.78
2022-07-11,90706000,32826000,"ICEU","B2209",106.78,106.77,106.8
2022-07-11,90708000,32828000,"ICEU","B2209",106.77,106.72,106.75
2022-07-11,90709000,32829000,"ICEU","B2209",106.77,106.72,106.75
2022-07-11,90710000,32830000,"ICEU","B2209",106.77,106.73,106.76
2022-07-11,90711000,32831000,"ICEU","B2209",106.77,106.73,106.76
2022-07-11,90712000,32832000,"ICEU","B2209",106.77,106.75,106.79
2022-07-11,90713000,32833000,"ICEU","B2209",106.77,106.79,106.82
2022-07-11,90714000,32834000,"ICEU","B2209",106.77,106.78,106.81
2022-07-11,90715000,32835000,"ICEU","B2209",106.77,106.78,106.81
2022-07-11,90716000,32836000,"ICEU","B2209",106.78,106.77,106.8
2022-07-11,90717000,32837000,"ICEU","B2209",106.78,106.77,106.8
2022-07-11,90718000,32838000,"ICEU","B2209",106.78,106.78,106.81
2022-07-11,90719000,32839000,"ICEU","B2209",106.78,106.78,106.81
2022-07-11,90720000,32840000,"ICEU","B2209",106.77,106.73,106.75
2022-07-11,90721000,32841000,"ICEU","B2209",106.72,106.71,106.74
2022-07-11,90722000,32842000,"ICEU","B2209",106.72,106.71,106.73
2022-07-11,90723000,32843000,"ICEU","B2209",106.72,106.72,106.74
2022-07-11,90724000,32844000,"ICEU","B2209",106.72,106.71,106.74
2022-07-11,90725000,32845000,"ICEU","B2209",106.72,106.71,106.72
2022-07-11,90726000,32846000,"ICEU","B2209",106.71,106.69,106.72
2022-07-11,90727000,32847000,"ICEU","B2209",106.69,106.67,106.69
2022-07-11,90728000,32848000,"ICEU","B2209",106.7,106.67,106.7
2022-07-11,90729000,32849000,"ICEU","B2209",106.7,106.68,106.71
2022-07-11,90730000,32850000,"ICEU","B2209",106.72,106.71,106.73
2022-07-11,90731000,32851000,"ICEU","B2209",106.72,106.71,106.73
2022-07-11,90732000,32852000,"ICEU","B2209",106.72,106.7,106.73
2022-07-11,90733000,32853000,"ICEU","B2209",106.72,106.68,106.71
2022-07-11,90734000,32854000,"ICEU","B2209",106.69,106.67,106.7
2022-07-11,90735000,32855000,"ICEU","B2209",106.69,106.67,106.69
2022-07-11,90736000,32856000,"ICEU","B2209",106.69,106.67,106.69
2022-07-11,90738000,32858000,"ICEU","B2209",106.7,106.7,106.72
2022-07-11,90739000,32859000,"ICEU","B2209",106.7,106.7,106.72
2022-07-11,90740000,32860000,"ICEU","B2209",106.73,106.72,106.75
2022-07-11,90741000,32861000,"ICEU","B2209",106.7,106.69,106.72
2022-07-11,90742000,32862000,"ICEU","B2209",106.7,106.69,106.72
2022-07-11,90743000,32863000,"ICEU","B2209",106.7,106.68,106.7
2022-07-11,90744000,32864000,"ICEU","B2209",106.7,106.67,106.69
2022-07-11,90745000,32865000,"ICEU","B2209",106.67,106.65,106.68
2022-07-11,90746000,32866000,"ICEU","B2209",106.67,106.64,106.67
2022-07-11,90747000,32867000,"ICEU","B2209",106.67,106.64,106.67
2022-07-11,90748000,32868000,"ICEU","B2209",106.67,106.64,106.67
2022-07-11,90749000,32869000,"ICEU","B2209",106.66,106.65,106.68
2022-07-11,90750000,32870000,"ICEU","B2209",106.66,106.65,106.68
2022-07-11,90751000,32871000,"ICEU","B2209",106.66,106.65,106.68
2022-07-11,90752000,32872000,"ICEU","B2209",106.66,106.63,106.67
2022-07-11,90753000,32873000,"ICEU","B2209",106.66,106.64,106.67
2022-07-11,90754000,32874000,"ICEU","B2209",106.64,106.62,106.65
2022-07-11,90755000,32875000,"ICEU","B2209",106.63,106.61,106.63
2022-07-11,90756000,32876000,"ICEU","B2209",106.62,106.6,106.64
2022-07-11,90757000,32877000,"ICEU","B2209",106.61,106.6,106.62
2022-07-11,90758000,32878000,"ICEU","B2209",106.59,106.59,106.62
2022-07-11,90759000,32879000,"ICEU","B2209",106.61,106.58,106.61
2022-07-11,90800000,32880000,"ICEU","B2209",106.59,106.58,106.6
2022-07-11,90801000,32881000,"ICEU","B2209",106.6,106.61,106.64
2022-07-11,90802000,32882000,"ICEU","B2209",106.62,106.61,106.63
2022-07-11,90803000,32883000,"ICEU","B2209",106.62,106.62,106.65
2022-07-11,90804000,32884000,"ICEU","B2209",106.62,106.62,106.65
2022-07-11,90805000,32885000,"ICEU","B2209",106.67,106.67,106.69
2022-07-11,90806000,32886000,"ICEU","B2209",106.71,106.71,106.74
2022-07-11,90807000,32887000,"ICEU","B2209",106.73,106.72,106.73
2022-07-11,90808000,32888000,"ICEU","B2209",106.68,106.65,106.68
2022-07-11,90809000,32889000,"ICEU","B2209",106.68,106.68,106.71
2022-07-11,90810000,32890000,"ICEU","B2209",106.68,106.7,106.73
2022-07-11,90811000,32891000,"ICEU","B2209",106.68,106.7,106.72
2022-07-11,90812000,32892000,"ICEU","B2209",106.68,106.68,106.71
2022-07-11,90813000,32893000,"ICEU","B2209",106.68,106.66,106.69
2022-07-11,90814000,32894000,"ICEU","B2209",106.68,106.66,106.69
2022-07-11,90815000,32895000,"ICEU","B2209",106.71,106.71,106.72
2022-07-11,90816000,32896000,"ICEU","B2209",106.71,106.68,106.71
2022-07-11,90817000,32897000,"ICEU","B2209",106.71,106.68,106.71
2022-07-11,90818000,32898000,"ICEU","B2209",106.71,106.68,106.72
2022-07-11,90819000,32899000,"ICEU","B2209",106.71,106.68,106.72
2022-07-11,90820000,32900000,"ICEU","B2209",106.71,106.68,106.71
2022-07-11,90821000,32901000,"ICEU","B2209",106.71,106.68,106.71
2022-07-11,90822000,32902000,"ICEU","B2209",106.71,106.67,106.7
2022-07-11,90823000,32903000,"ICEU","B2209",106.71,106.68,106.71
2022-07-11,90824000,32904000,"ICEU","B2209",106.71,106.69,106.7
2022-07-11,90825000,32905000,"ICEU","B2209",106.71,106.69,106.72
2022-07-11,90826000,32906000,"ICEU","B2209",106.71,106.69,106.72
2022-07-11,90827000,32907000,"ICEU","B2209",106.71,106.69,106.72
2022-07-11,90828000,32908000,"ICEU","B2209",106.71,106.68,106.71
2022-07-11,90829000,32909000,"ICEU","B2209",106.68,106.66,106.69
2022-07-11,90830000,32910000,"ICEU","B2209",106.68,106.67,106.7
2022-07-11,90831000,32911000,"ICEU","B2209",106.68,106.67,106.71
2022-07-11,90832000,32912000,"ICEU","B2209",106.68,106.69,106.72
2022-07-11,90833000,32913000,"ICEU","B2209",106.68,106.69,106.72
2022-07-11,90834000,32914000,"ICEU","B2209",106.68,106.72,106.75
2022-07-11,90835000,32915000,"ICEU","B2209",106.68,106.72,106.75
2022-07-11,90836000,32916000,"ICEU","B2209",106.73,106.71,106.75
2022-07-11,90837000,32917000,"ICEU","B2209",106.72,106.71,106.74
2022-07-11,90838000,32918000,"ICEU","B2209",106.71,106.69,106.72
2022-07-11,90839000,32919000,"ICEU","B2209",106.71,106.7,106.74
2022-07-11,90840000,32920000,"ICEU","B2209",106.71,106.71,106.74
2022-07-11,90841000,32921000,"ICEU","B2209",106.71,106.72,106.75
2022-07-11,90842000,32922000,"ICEU","B2209",106.71,106.72,106.75
2022-07-11,90843000,32923000,"ICEU","B2209",106.71,106.73,106.75
2022-07-11,90844000,32924000,"ICEU","B2209",106.71,106.73,106.75
2022-07-11,90845000,32925000,"ICEU","B2209",106.71,106.72,106.75
2022-07-11,90846000,32926000,"ICEU","B2209",106.76,106.73,106.76
2022-07-11,90847000,32927000,"ICEU","B2209",106.76,106.75,106.77
2022-07-11,90848000,32928000,"ICEU","B2209",106.76,106.73,106.75
2022-07-11,90849000,32929000,"ICEU","B2209",106.75,106.72,106.75
2022-07-11,90850000,32930000,"ICEU","B2209",106.75,106.68,106.71
2022-07-11,90851000,32931000,"ICEU","B2209",106.75,106.69,106.71
2022-07-11,90852000,32932000,"ICEU","B2209",106.75,106.69,106.71
2022-07-11,90853000,32933000,"ICEU","B2209",106.75,106.68,106.71
2022-07-11,90854000,32934000,"ICEU","B2209",106.75,106.73,106.75
2022-07-11,90855000,32935000,"ICEU","B2209",106.73,106.69,106.72
2022-07-11,90856000,32936000,"ICEU","B2209",106.73,106.7,106.73
2022-07-11,90857000,32937000,"ICEU","B2209",106.73,106.7,106.73
2022-07-11,90858000,32938000,"ICEU","B2209",106.7,106.68,106.7
2022-07-11,90859000,32939000,"ICEU","B2209",106.7,106.68,106.71
2022-07-11,90900000,32940000,"ICEU","B2209",106.7,106.68,106.7
2022-07-11,90901000,32941000,"ICEU","B2209",106.7,106.67,106.7
2022-07-11,90902000,32942000,"ICEU","B2209",106.7,106.67,106.7
2022-07-11,90903000,32943000,"ICEU","B2209",106.7,106.67,106.69
2022-07-11,90904000,32944000,"ICEU","B2209",106.67,106.67,106.7
2022-07-11,90905000,32945000,"ICEU","B2209",106.7,106.7,106.73
2022-07-11,90906000,32946000,"ICEU","B2209",106.72,106.72,106.75
2022-07-11,90907000,32947000,"ICEU","B2209",106.72,106.72,106.75
2022-07-11,90908000,32948000,"ICEU","B2209",106.72,106.72,106.75
2022-07-11,90909000,32949000,"ICEU","B2209",106.72,106.73,106.75
2022-07-11,90910000,32950000,"ICEU","B2209",106.72,106.71,106.73
2022-07-11,90911000,32951000,"ICEU","B2209",106.72,106.7,106.73
2022-07-11,90912000,32952000,"ICEU","B2209",106.72,106.69,106.72
2022-07-11,90913000,32953000,"ICEU","B2209",106.72,106.69,106.72
2022-07-11,90914000,32954000,"ICEU","B2209",106.71,106.68,106.71
2022-07-11,90915000,32955000,"ICEU","B2209",106.71,106.67,106.7
2022-07-11,90916000,32956000,"ICEU","B2209",106.71,106.66,106.69
2022-07-11,90917000,32957000,"ICEU","B2209",106.66,106.64,106.67
2022-07-11,90918000,32958000,"ICEU","B2209",106.62,106.64,106.67
2022-07-11,90919000,32959000,"ICEU","B2209",106.65,106.65,106.67
2022-07-11,90920000,32960000,"ICEU","B2209",106.65,106.65,106.66
2022-07-11,90921000,32961000,"ICEU","B2209",106.65,106.65,106.66
2022-07-11,90922000,32962000,"ICEU","B2209",106.65,106.64,106.66
2022-07-11,90923000,32963000,"ICEU","B2209",106.65,106.64,106.66
2022-07-11,90924000,32964000,"ICEU","B2209",106.66,106.66,106.67
2022-07-11,90925000,32965000,"ICEU","B2209",106.67,106.67,106.7
2022-07-11,90926000,32966000,"ICEU","B2209",106.67,106.67,106.7
2022-07-11,90927000,32967000,"ICEU","B2209",106.67,106.67,106.69
2022-07-11,90928000,32968000,"ICEU","B2209",106.67,106.67,106.7
2022-07-11,90929000,32969000,"ICEU","B2209",106.67,106.68,106.7
2022-07-11,90930000,32970000,"ICEU","B2209",106.67,106.67,106.69
2022-07-11,90931000,32971000,"ICEU","B2209",106.66,106.63,106.66
2022-07-11,90932000,32972000,"ICEU","B2209",106.66,106.61,106.63
2022-07-11,90933000,32973000,"ICEU","B2209",106.66,106.6,106.63
2022-07-11,90934000,32974000,"ICEU","B2209",106.59,106.57,106.59
