"InternalDate","Time","InternalTime","Exchange","Symbol","LastPrice","BidPrice1","AskPrice1"
2022-07-05,83014000,30614000,"ICEU","B2209",113.65,113.63,113.66
2022-07-05,83016000,30616000,"ICEU","B2209",113.65,113.62,113.65
2022-07-05,83017000,30617000,"ICEU","B2209",113.65,113.63,113.65
2022-07-05,83018000,30618000,"ICEU","B2209",113.65,113.63,113.66
2022-07-05,83019000,30619000,"ICEU","B2209",113.65,113.62,113.65
2022-07-05,83021000,30621000,"ICEU","B2209",113.65,113.63,113.65
2022-07-05,83022000,30622000,"ICEU","B2209",113.65,113.63,113.66
2022-07-05,83025000,30625000,"ICEU","B2209",113.65,113.63,113.66
2022-07-05,83029000,30629000,"ICEU","B2209",113.65,113.63,113.66
2022-07-05,83033000,30633000,"ICEU","B2209",113.65,113.63,113.66
2022-07-05,83037000,30637000,"ICEU","B2209",113.7,113.69,113.72
2022-07-05,83038000,30638000,"ICEU","B2209",113.7,113.7,113.73
2022-07-05,83039000,30639000,"ICEU","B2209",113.7,113.7,113.72
2022-07-05,83040000,30640000,"ICEU","B2209",113.7,113.71,113.73
2022-07-05,83041000,30641000,"ICEU","B2209",113.7,113.71,113.73
2022-07-05,83042000,30642000,"ICEU","B2209",113.71,113.7,113.72
2022-07-05,83043000,30643000,"ICEU","B2209",113.71,113.69,113.72
2022-07-05,83044000,30644000,"ICEU","B2209",113.71,113.68,113.71
2022-07-05,83045000,30645000,"ICEU","B2209",113.71,113.68,113.71
2022-07-05,83046000,30646000,"ICEU","B2209",113.71,113.69,113.72
2022-07-05,83047000,30647000,"ICEU","B2209",113.71,113.7,113.72
2022-07-05,83048000,30648000,"ICEU","B2209",113.71,113.7,113.72
2022-07-05,83049000,30649000,"ICEU","B2209",113.71,113.7,113.72
2022-07-05,83050000,30650000,"ICEU","B2209",113.71,113.71,113.73
2022-07-05,83059000,30659000,"ICEU","B2209",113.71,113.71,113.73
2022-07-05,83104000,30664000,"ICEU","B2209",113.71,113.71,113.73
2022-07-05,83106000,30666000,"ICEU","B2209",113.71,113.73,113.76
2022-07-05,83107000,30667000,"ICEU","B2209",113.71,113.73,113.76
2022-07-05,83108000,30668000,"ICEU","B2209",113.71,113.73,113.76
2022-07-05,83110000,30670000,"ICEU","B2209",113.71,113.73,113.76
2022-07-05,83111000,30671000,"ICEU","B2209",113.71,113.74,113.77
2022-07-05,83116000,30676000,"ICEU","B2209",113.71,113.74,113.76
2022-07-05,83117000,30677000,"ICEU","B2209",113.71,113.74,113.76
2022-07-05,83118000,30678000,"ICEU","B2209",113.74,113.71,113.74
2022-07-05,83119000,30679000,"ICEU","B2209",113.74,113.7,113.73
2022-07-05,83120000,30680000,"ICEU","B2209",113.74,113.7,113.73
2022-07-05,83121000,30681000,"ICEU","B2209",113.74,113.69,113.72
2022-07-05,83122000,30682000,"ICEU","B2209",113.74,113.69,113.72
2022-07-05,83123000,30683000,"ICEU","B2209",113.74,113.69,113.71
2022-07-05,83128000,30688000,"ICEU","B2209",113.74,113.69,113.71
2022-07-05,83132000,30692000,"ICEU","B2209",113.74,113.69,113.71
2022-07-05,83135000,30695000,"ICEU","B2209",113.74,113.69,113.71
2022-07-05,83137000,30697000,"ICEU","B2209",113.74,113.69,113.71
2022-07-05,83146000,30706000,"ICEU","B2209",113.74,113.69,113.71
2022-07-05,83148000,30708000,"ICEU","B2209",113.74,113.69,113.71
2022-07-05,83149000,30709000,"ICEU","B2209",113.74,113.69,113.71
2022-07-05,83150000,30710000,"ICEU","B2209",113.74,113.69,113.71
2022-07-05,83200000,30720000,"ICEU","B2209",113.74,113.69,113.71
2022-07-05,83201000,30721000,"ICEU","B2209",113.74,113.69,113.71
2022-07-05,83204000,30724000,"ICEU","B2209",113.74,113.69,113.71
2022-07-05,83206000,30726000,"ICEU","B2209",113.71,113.72,113.75
2022-07-05,83207000,30727000,"ICEU","B2209",113.71,113.72,113.75
2022-07-05,83212000,30732000,"ICEU","B2209",113.71,113.72,113.75
2022-07-05,83215000,30735000,"ICEU","B2209",113.71,113.72,113.74
2022-07-05,83216000,30736000,"ICEU","B2209",113.71,113.72,113.75
2022-07-05,83218000,30738000,"ICEU","B2209",113.71,113.72,113.74
2022-07-05,83219000,30739000,"ICEU","B2209",113.71,113.72,113.74
2022-07-05,83222000,30742000,"ICEU","B2209",113.71,113.72,113.73
2022-07-05,83225000,30745000,"ICEU","B2209",113.72,113.69,113.72
2022-07-05,83226000,30746000,"ICEU","B2209",113.72,113.69,113.72
2022-07-05,83227000,30747000,"ICEU","B2209",113.72,113.68,113.71
2022-07-05,83228000,30748000,"ICEU","B2209",113.72,113.68,113.71
2022-07-05,83229000,30749000,"ICEU","B2209",113.72,113.68,113.71
2022-07-05,83230000,30750000,"ICEU","B2209",113.72,113.68,113.71
2022-07-05,83231000,30751000,"ICEU","B2209",113.72,113.68,113.71
2022-07-05,83232000,30752000,"ICEU","B2209",113.72,113.69,113.72
2022-07-05,83233000,30753000,"ICEU","B2209",113.72,113.67,113.7
2022-07-05,83235000,30755000,"ICEU","B2209",113.72,113.67,113.7
2022-07-05,83236000,30756000,"ICEU","B2209",113.72,113.66,113.69
2022-07-05,83237000,30757000,"ICEU","B2209",113.72,113.66,113.68
2022-07-05,83238000,30758000,"ICEU","B2209",113.72,113.64,113.67
2022-07-05,83239000,30759000,"ICEU","B2209",113.72,113.65,113.68
2022-07-05,83243000,30763000,"ICEU","B2209",113.72,113.65,113.68
2022-07-05,83245000,30765000,"ICEU","B2209",113.72,113.65,113.68
2022-07-05,83246000,30766000,"ICEU","B2209",113.72,113.66,113.69
2022-07-05,83247000,30767000,"ICEU","B2209",113.72,113.66,113.69
2022-07-05,83250000,30770000,"ICEU","B2209",113.72,113.66,113.69
2022-07-05,83251000,30771000,"ICEU","B2209",113.72,113.66,113.69
2022-07-05,83256000,30776000,"ICEU","B2209",113.65,113.62,113.65
2022-07-05,83257000,30777000,"ICEU","B2209",113.65,113.64,113.66
2022-07-05,83259000,30779000,"ICEU","B2209",113.65,113.64,113.67
2022-07-05,83300000,30780000,"ICEU","B2209",113.65,113.64,113.67
2022-07-05,83301000,30781000,"ICEU","B2209",113.65,113.64,113.67
2022-07-05,83302000,30782000,"ICEU","B2209",113.65,113.64,113.67
2022-07-05,83303000,30783000,"ICEU","B2209",113.65,113.63,113.66
2022-07-05,83304000,30784000,"ICEU","B2209",113.65,113.63,113.66
2022-07-05,83306000,30786000,"ICEU","B2209",113.65,113.63,113.66
2022-07-05,83307000,30787000,"ICEU","B2209",113.65,113.65,113.67
2022-07-05,83308000,30788000,"ICEU","B2209",113.65,113.64,113.67
2022-07-05,83309000,30789000,"ICEU","B2209",113.65,113.64,113.67
2022-07-05,83311000,30791000,"ICEU","B2209",113.65,113.64,113.67
2022-07-05,83315000,30795000,"ICEU","B2209",113.65,113.62,113.65
2022-07-05,83316000,30796000,"ICEU","B2209",113.65,113.62,113.65
2022-07-05,83317000,30797000,"ICEU","B2209",113.65,113.62,113.65
2022-07-05,83320000,30800000,"ICEU","B2209",113.65,113.61,113.64
2022-07-05,83321000,30801000,"ICEU","B2209",113.65,113.61,113.64
2022-07-05,83324000,30804000,"ICEU","B2209",113.65,113.61,113.64
2022-07-05,83325000,30805000,"ICEU","B2209",113.65,113.61,113.64
2022-07-05,83330000,30810000,"ICEU","B2209",113.65,113.61,113.64
2022-07-05,83331000,30811000,"ICEU","B2209",113.65,113.61,113.64
2022-07-05,83332000,30812000,"ICEU","B2209",113.65,113.61,113.64
2022-07-05,83336000,30816000,"ICEU","B2209",113.65,113.61,113.64
2022-07-05,83340000,30820000,"ICEU","B2209",113.65,113.62,113.65
2022-07-05,83347000,30827000,"ICEU","B2209",113.65,113.62,113.65
2022-07-05,83348000,30828000,"ICEU","B2209",113.65,113.62,113.65
2022-07-05,83355000,30835000,"ICEU","B2209",113.65,113.62,113.65
2022-07-05,83356000,30836000,"ICEU","B2209",113.65,113.63,113.66
2022-07-05,83357000,30837000,"ICEU","B2209",113.65,113.63,113.66
2022-07-05,83400000,30840000,"ICEU","B2209",113.65,113.63,113.66
2022-07-05,83414000,30854000,"ICEU","B2209",113.65,113.66,113.68
2022-07-05,83416000,30856000,"ICEU","B2209",113.65,113.66,113.69
2022-07-05,83423000,30863000,"ICEU","B2209",113.65,113.66,113.69
2022-07-05,83425000,30865000,"ICEU","B2209",113.65,113.68,113.71
2022-07-05,83427000,30867000,"ICEU","B2209",113.65,113.68,113.7
2022-07-05,83435000,30875000,"ICEU","B2209",113.7,113.69,113.73
2022-07-05,83437000,30877000,"ICEU","B2209",113.7,113.7,113.73
2022-07-05,83438000,30878000,"ICEU","B2209",113.7,113.7,113.73
2022-07-05,83439000,30879000,"ICEU","B2209",113.7,113.7,113.73
2022-07-05,83444000,30884000,"ICEU","B2209",113.7,113.72,113.75
2022-07-05,83447000,30887000,"ICEU","B2209",113.7,113.72,113.75
2022-07-05,83450000,30890000,"ICEU","B2209",113.7,113.71,113.75
2022-07-05,83451000,30891000,"ICEU","B2209",113.7,113.72,113.75
2022-07-05,83452000,30892000,"ICEU","B2209",113.7,113.72,113.75
2022-07-05,83455000,30895000,"ICEU","B2209",113.75,113.74,113.77
2022-07-05,83456000,30896000,"ICEU","B2209",113.75,113.74,113.77
2022-07-05,83457000,30897000,"ICEU","B2209",113.75,113.74,113.77
2022-07-05,83502000,30902000,"ICEU","B2209",113.75,113.74,113.77
2022-07-05,83506000,30906000,"ICEU","B2209",113.75,113.74,113.77
2022-07-05,83507000,30907000,"ICEU","B2209",113.75,113.74,113.77
2022-07-05,83508000,30908000,"ICEU","B2209",113.75,113.74,113.77
2022-07-05,83510000,30910000,"ICEU","B2209",113.75,113.74,113.77
2022-07-05,83515000,30915000,"ICEU","B2209",113.75,113.74,113.77
2022-07-05,83516000,30916000,"ICEU","B2209",113.73,113.72,113.74
2022-07-05,83517000,30917000,"ICEU","B2209",113.73,113.72,113.74
2022-07-05,83518000,30918000,"ICEU","B2209",113.73,113.72,113.74
2022-07-05,83520000,30920000,"ICEU","B2209",113.73,113.72,113.74
2022-07-05,83522000,30922000,"ICEU","B2209",113.73,113.71,113.74
2022-07-05,83527000,30927000,"ICEU","B2209",113.73,113.71,113.74
2022-07-05,83528000,30928000,"ICEU","B2209",113.73,113.71,113.74
2022-07-05,83530000,30930000,"ICEU","B2209",113.73,113.71,113.74
2022-07-05,83534000,30934000,"ICEU","B2209",113.73,113.71,113.74
2022-07-05,83535000,30935000,"ICEU","B2209",113.73,113.71,113.74
2022-07-05,83537000,30937000,"ICEU","B2209",113.73,113.72,113.74
2022-07-05,83538000,30938000,"ICEU","B2209",113.73,113.72,113.74
2022-07-05,83539000,30939000,"ICEU","B2209",113.73,113.72,113.74
2022-07-05,83540000,30940000,"ICEU","B2209",113.73,113.72,113.74
2022-07-05,83541000,30941000,"ICEU","B2209",113.73,113.72,113.74
2022-07-05,83543000,30943000,"ICEU","B2209",113.73,113.72,113.74
2022-07-05,83544000,30944000,"ICEU","B2209",113.73,113.72,113.74
2022-07-05,83545000,30945000,"ICEU","B2209",113.73,113.72,113.74
2022-07-05,83546000,30946000,"ICEU","B2209",113.73,113.72,113.74
2022-07-05,83548000,30948000,"ICEU","B2209",113.73,113.72,113.74
2022-07-05,83550000,30950000,"ICEU","B2209",113.73,113.72,113.74
2022-07-05,83553000,30953000,"ICEU","B2209",113.73,113.72,113.74
2022-07-05,83554000,30954000,"ICEU","B2209",113.73,113.72,113.74
2022-07-05,83555000,30955000,"ICEU","B2209",113.73,113.72,113.74
2022-07-05,83559000,30959000,"ICEU","B2209",113.73,113.72,113.74
2022-07-05,83600000,30960000,"ICEU","B2209",113.73,113.72,113.74
2022-07-05,83606000,30966000,"ICEU","B2209",113.73,113.72,113.74
2022-07-05,83610000,30970000,"ICEU","B2209",113.73,113.72,113.74
2022-07-05,83613000,30973000,"ICEU","B2209",113.73,113.72,113.74
2022-07-05,83619000,30979000,"ICEU","B2209",113.73,113.72,113.74
2022-07-05,83620000,30980000,"ICEU","B2209",113.73,113.72,113.74
2022-07-05,83624000,30984000,"ICEU","B2209",113.73,113.72,113.74
2022-07-05,83630000,30990000,"ICEU","B2209",113.73,113.72,113.74
2022-07-05,83635000,30995000,"ICEU","B2209",113.73,113.72,113.74
2022-07-05,83640000,31000000,"ICEU","B2209",113.73,113.72,113.74
2022-07-05,83647000,31007000,"ICEU","B2209",113.73,113.72,113.74
2022-07-05,83650000,31010000,"ICEU","B2209",113.73,113.72,113.74
2022-07-05,83652000,31012000,"ICEU","B2209",113.73,113.72,113.74
2022-07-05,83658000,31018000,"ICEU","B2209",113.73,113.72,113.74
2022-07-05,83700000,31020000,"ICEU","B2209",113.73,113.72,113.74
2022-07-05,83703000,31023000,"ICEU","B2209",113.75,113.76,113.79
2022-07-05,83704000,31024000,"ICEU","B2209",113.75,113.76,113.79
2022-07-05,83706000,31026000,"ICEU","B2209",113.75,113.76,113.79
2022-07-05,83708000,31028000,"ICEU","B2209",113.75,113.77,113.79
2022-07-05,83709000,31029000,"ICEU","B2209",113.75,113.77,113.79
2022-07-05,83711000,31031000,"ICEU","B2209",113.78,113.77,113.79
2022-07-05,83718000,31038000,"ICEU","B2209",113.75,113.71,113.74
2022-07-05,83719000,31039000,"ICEU","B2209",113.75,113.71,113.74
2022-07-05,83722000,31042000,"ICEU","B2209",113.75,113.71,113.74
2022-07-05,83728000,31048000,"ICEU","B2209",113.75,113.71,113.74
2022-07-05,83730000,31050000,"ICEU","B2209",113.75,113.69,113.72
2022-07-05,83734000,31054000,"ICEU","B2209",113.75,113.68,113.72
2022-07-05,83736000,31056000,"ICEU","B2209",113.75,113.67,113.7
2022-07-05,83738000,31058000,"ICEU","B2209",113.75,113.67,113.7
2022-07-05,83739000,31059000,"ICEU","B2209",113.75,113.65,113.68
2022-07-05,83742000,31062000,"ICEU","B2209",113.75,113.65,113.68
2022-07-05,83743000,31063000,"ICEU","B2209",113.75,113.65,113.67
2022-07-05,83744000,31064000,"ICEU","B2209",113.67,113.63,113.66
2022-07-05,83746000,31066000,"ICEU","B2209",113.67,113.64,113.67
2022-07-05,83747000,31067000,"ICEU","B2209",113.67,113.63,113.67
2022-07-05,83749000,31069000,"ICEU","B2209",113.67,113.64,113.67
2022-07-05,83750000,31070000,"ICEU","B2209",113.67,113.63,113.66
2022-07-05,83752000,31072000,"ICEU","B2209",113.67,113.63,113.67
2022-07-05,83754000,31074000,"ICEU","B2209",113.67,113.64,113.67
2022-07-05,83755000,31075000,"ICEU","B2209",113.67,113.64,113.67
2022-07-05,83756000,31076000,"ICEU","B2209",113.67,113.63,113.66
2022-07-05,83757000,31077000,"ICEU","B2209",113.67,113.63,113.67
2022-07-05,83758000,31078000,"ICEU","B2209",113.67,113.63,113.67
2022-07-05,83759000,31079000,"ICEU","B2209",113.67,113.63,113.67
2022-07-05,83804000,31084000,"ICEU","B2209",113.67,113.63,113.66
2022-07-05,83805000,31085000,"ICEU","B2209",113.67,113.63,113.66
2022-07-05,83806000,31086000,"ICEU","B2209",113.67,113.63,113.66
2022-07-05,83810000,31090000,"ICEU","B2209",113.67,113.63,113.66
2022-07-05,83813000,31093000,"ICEU","B2209",113.67,113.63,113.66
2022-07-05,83814000,31094000,"ICEU","B2209",113.67,113.65,113.67
2022-07-05,83817000,31097000,"ICEU","B2209",113.67,113.65,113.67
2022-07-05,83818000,31098000,"ICEU","B2209",113.67,113.65,113.67
2022-07-05,83821000,31101000,"ICEU","B2209",113.67,113.64,113.67
2022-07-05,83822000,31102000,"ICEU","B2209",113.67,113.64,113.67
2022-07-05,83824000,31104000,"ICEU","B2209",113.67,113.64,113.67
2022-07-05,83825000,31105000,"ICEU","B2209",113.67,113.64,113.67
2022-07-05,83828000,31108000,"ICEU","B2209",113.67,113.64,113.67
2022-07-05,83837000,31117000,"ICEU","B2209",113.67,113.65,113.67
2022-07-05,83842000,31122000,"ICEU","B2209",113.67,113.65,113.67
2022-07-05,83847000,31127000,"ICEU","B2209",113.67,113.65,113.67
2022-07-05,83855000,31135000,"ICEU","B2209",113.67,113.65,113.67
2022-07-05,83902000,31142000,"ICEU","B2209",113.67,113.65,113.67
2022-07-05,83905000,31145000,"ICEU","B2209",113.67,113.64,113.67
2022-07-05,83906000,31146000,"ICEU","B2209",113.67,113.63,113.66
2022-07-05,83912000,31152000,"ICEU","B2209",113.67,113.64,113.67
2022-07-05,83920000,31160000,"ICEU","B2209",113.67,113.64,113.67
2022-07-05,83923000,31163000,"ICEU","B2209",113.67,113.64,113.67
2022-07-05,83924000,31164000,"ICEU","B2209",113.67,113.65,113.67
2022-07-05,83925000,31165000,"ICEU","B2209",113.67,113.65,113.67
2022-07-05,83926000,31166000,"ICEU","B2209",113.67,113.65,113.67
2022-07-05,83932000,31172000,"ICEU","B2209",113.67,113.65,113.67
2022-07-05,83942000,31182000,"ICEU","B2209",113.67,113.65,113.67
2022-07-05,83951000,31191000,"ICEU","B2209",113.67,113.64,113.67
2022-07-05,83952000,31192000,"ICEU","B2209",113.67,113.64,113.67
2022-07-05,83955000,31195000,"ICEU","B2209",113.67,113.64,113.67
2022-07-05,83956000,31196000,"ICEU","B2209",113.67,113.64,113.67
2022-07-05,84001000,31201000,"ICEU","B2209",113.67,113.64,113.67
2022-07-05,84002000,31202000,"ICEU","B2209",113.67,113.64,113.67
2022-07-05,84003000,31203000,"ICEU","B2209",113.67,113.64,113.67
2022-07-05,84004000,31204000,"ICEU","B2209",113.67,113.65,113.67
2022-07-05,84005000,31205000,"ICEU","B2209",113.67,113.65,113.67
2022-07-05,84008000,31208000,"ICEU","B2209",113.67,113.65,113.67
2022-07-05,84009000,31209000,"ICEU","B2209",113.67,113.68,113.72
2022-07-05,84013000,31213000,"ICEU","B2209",113.67,113.69,113.72
2022-07-05,84015000,31215000,"ICEU","B2209",113.67,113.69,113.73
2022-07-05,84016000,31216000,"ICEU","B2209",113.67,113.69,113.72
2022-07-05,84017000,31217000,"ICEU","B2209",113.67,113.69,113.72
2022-07-05,84019000,31219000,"ICEU","B2209",113.67,113.69,113.72
2022-07-05,84020000,31220000,"ICEU","B2209",113.67,113.68,113.72
2022-07-05,84021000,31221000,"ICEU","B2209",113.67,113.68,113.72
2022-07-05,84022000,31222000,"ICEU","B2209",113.67,113.69,113.72
2022-07-05,84023000,31223000,"ICEU","B2209",113.67,113.68,113.72
2022-07-05,84024000,31224000,"ICEU","B2209",113.67,113.68,113.72
2022-07-05,84027000,31227000,"ICEU","B2209",113.67,113.67,113.72
2022-07-05,84028000,31228000,"ICEU","B2209",113.67,113.69,113.72
2022-07-05,84029000,31229000,"ICEU","B2209",113.67,113.7,113.72
2022-07-05,84031000,31231000,"ICEU","B2209",113.67,113.69,113.72
2022-07-05,84032000,31232000,"ICEU","B2209",113.67,113.7,113.73
2022-07-05,84033000,31233000,"ICEU","B2209",113.67,113.7,113.73
2022-07-05,84034000,31234000,"ICEU","B2209",113.67,113.7,113.73
2022-07-05,84035000,31235000,"ICEU","B2209",113.67,113.69,113.73
2022-07-05,84037000,31237000,"ICEU","B2209",113.67,113.69,113.73
2022-07-05,84038000,31238000,"ICEU","B2209",113.67,113.69,113.72
2022-07-05,84041000,31241000,"ICEU","B2209",113.67,113.69,113.72
2022-07-05,84047000,31247000,"ICEU","B2209",113.67,113.68,113.72
2022-07-05,84050000,31250000,"ICEU","B2209",113.67,113.68,113.72
2022-07-05,84051000,31251000,"ICEU","B2209",113.67,113.69,113.72
2022-07-05,84053000,31253000,"ICEU","B2209",113.67,113.69,113.72
2022-07-05,84055000,31255000,"ICEU","B2209",113.72,113.71,113.74
2022-07-05,84056000,31256000,"ICEU","B2209",113.72,113.69,113.73
2022-07-05,84057000,31257000,"ICEU","B2209",113.72,113.69,113.73
2022-07-05,84058000,31258000,"ICEU","B2209",113.72,113.69,113.73
2022-07-05,84059000,31259000,"ICEU","B2209",113.72,113.71,113.74
2022-07-05,84101000,31261000,"ICEU","B2209",113.72,113.7,113.73
2022-07-05,84106000,31266000,"ICEU","B2209",113.72,113.7,113.73
2022-07-05,84110000,31270000,"ICEU","B2209",113.72,113.7,113.73
2022-07-05,84111000,31271000,"ICEU","B2209",113.72,113.7,113.73
2022-07-05,84115000,31275000,"ICEU","B2209",113.72,113.7,113.73
2022-07-05,84118000,31278000,"ICEU","B2209",113.72,113.7,113.73
2022-07-05,84119000,31279000,"ICEU","B2209",113.72,113.7,113.73
2022-07-05,84120000,31280000,"ICEU","B2209",113.72,113.7,113.72
2022-07-05,84121000,31281000,"ICEU","B2209",113.72,113.7,113.72
2022-07-05,84124000,31284000,"ICEU","B2209",113.72,113.7,113.72
2022-07-05,84127000,31287000,"ICEU","B2209",113.72,113.7,113.72
2022-07-05,84130000,31290000,"ICEU","B2209",113.72,113.7,113.73
2022-07-05,84135000,31295000,"ICEU","B2209",113.72,113.7,113.72
2022-07-05,84138000,31298000,"ICEU","B2209",113.72,113.7,113.72
2022-07-05,84140000,31300000,"ICEU","B2209",113.72,113.7,113.72
2022-07-05,84142000,31302000,"ICEU","B2209",113.72,113.7,113.72
2022-07-05,84150000,31310000,"ICEU","B2209",113.72,113.7,113.72
2022-07-05,84155000,31315000,"ICEU","B2209",113.72,113.7,113.72
2022-07-05,84156000,31316000,"ICEU","B2209",113.72,113.71,113.74
2022-07-05,84158000,31318000,"ICEU","B2209",113.72,113.71,113.74
2022-07-05,84200000,31320000,"ICEU","B2209",113.72,113.71,113.74
2022-07-05,84210000,31330000,"ICEU","B2209",113.72,113.71,113.74
2022-07-05,84212000,31332000,"ICEU","B2209",113.72,113.71,113.74
2022-07-05,84215000,31335000,"ICEU","B2209",113.72,113.71,113.74
2022-07-05,84216000,31336000,"ICEU","B2209",113.72,113.71,113.74
2022-07-05,84217000,31337000,"ICEU","B2209",113.72,113.71,113.74
2022-07-05,84220000,31340000,"ICEU","B2209",113.72,113.71,113.74
2022-07-05,84221000,31341000,"ICEU","B2209",113.72,113.71,113.74
2022-07-05,84225000,31345000,"ICEU","B2209",113.71,113.68,113.72
2022-07-05,84229000,31349000,"ICEU","B2209",113.71,113.68,113.72
2022-07-05,84230000,31350000,"ICEU","B2209",113.71,113.68,113.72
2022-07-05,84231000,31351000,"ICEU","B2209",113.71,113.69,113.72
2022-07-05,84240000,31360000,"ICEU","B2209",113.71,113.69,113.72
2022-07-05,84248000,31368000,"ICEU","B2209",113.71,113.68,113.72
2022-07-05,84250000,31370000,"ICEU","B2209",113.71,113.68,113.72
2022-07-05,84252000,31372000,"ICEU","B2209",113.72,113.72,113.74
2022-07-05,84254000,31374000,"ICEU","B2209",113.72,113.72,113.74
2022-07-05,84255000,31375000,"ICEU","B2209",113.72,113.72,113.74
2022-07-05,84300000,31380000,"ICEU","B2209",113.72,113.72,113.74
2022-07-05,84302000,31382000,"ICEU","B2209",113.72,113.72,113.74
2022-07-05,84308000,31388000,"ICEU","B2209",113.72,113.72,113.74
2022-07-05,84309000,31389000,"ICEU","B2209",113.74,113.74,113.77
2022-07-05,84316000,31396000,"ICEU","B2209",113.74,113.74,113.77
2022-07-05,84320000,31400000,"ICEU","B2209",113.74,113.74,113.77
2022-07-05,84324000,31404000,"ICEU","B2209",113.74,113.74,113.77
2022-07-05,84328000,31408000,"ICEU","B2209",113.74,113.7,113.74
2022-07-05,84329000,31409000,"ICEU","B2209",113.74,113.7,113.74
2022-07-05,84330000,31410000,"ICEU","B2209",113.74,113.71,113.74
2022-07-05,84335000,31415000,"ICEU","B2209",113.74,113.71,113.74
2022-07-05,84338000,31418000,"ICEU","B2209",113.74,113.71,113.74
2022-07-05,84339000,31419000,"ICEU","B2209",113.74,113.71,113.74
2022-07-05,84340000,31420000,"ICEU","B2209",113.74,113.68,113.72
2022-07-05,84345000,31425000,"ICEU","B2209",113.74,113.68,113.72
2022-07-05,84350000,31430000,"ICEU","B2209",113.74,113.7,113.73
2022-07-05,84352000,31432000,"ICEU","B2209",113.74,113.7,113.72
2022-07-05,84353000,31433000,"ICEU","B2209",113.74,113.69,113.72
2022-07-05,84356000,31436000,"ICEU","B2209",113.74,113.68,113.72
2022-07-05,84358000,31438000,"ICEU","B2209",113.74,113.67,113.7
2022-07-05,84403000,31443000,"ICEU","B2209",113.74,113.67,113.7
2022-07-05,84404000,31444000,"ICEU","B2209",113.74,113.67,113.7
2022-07-05,84405000,31445000,"ICEU","B2209",113.74,113.67,113.7
2022-07-05,84410000,31450000,"ICEU","B2209",113.74,113.67,113.7
2022-07-05,84416000,31456000,"ICEU","B2209",113.74,113.67,113.7
2022-07-05,84417000,31457000,"ICEU","B2209",113.74,113.67,113.7
2022-07-05,84418000,31458000,"ICEU","B2209",113.74,113.67,113.7
2022-07-05,84419000,31459000,"ICEU","B2209",113.74,113.67,113.7
2022-07-05,84422000,31462000,"ICEU","B2209",113.74,113.68,113.71
2022-07-05,84425000,31465000,"ICEU","B2209",113.74,113.67,113.7
2022-07-05,84430000,31470000,"ICEU","B2209",113.74,113.68,113.71
2022-07-05,84431000,31471000,"ICEU","B2209",113.74,113.67,113.71
2022-07-05,84432000,31472000,"ICEU","B2209",113.74,113.68,113.71
2022-07-05,84434000,31474000,"ICEU","B2209",113.74,113.68,113.71
2022-07-05,84435000,31475000,"ICEU","B2209",113.74,113.68,113.71
2022-07-05,84437000,31477000,"ICEU","B2209",113.74,113.69,113.72
2022-07-05,84440000,31480000,"ICEU","B2209",113.74,113.68,113.72
2022-07-05,84441000,31481000,"ICEU","B2209",113.74,113.68,113.71
2022-07-05,84442000,31482000,"ICEU","B2209",113.74,113.68,113.72
2022-07-05,84443000,31483000,"ICEU","B2209",113.74,113.68,113.72
2022-07-05,84444000,31484000,"ICEU","B2209",113.74,113.68,113.72
2022-07-05,84446000,31486000,"ICEU","B2209",113.74,113.68,113.72
2022-07-05,84447000,31487000,"ICEU","B2209",113.74,113.68,113.72
2022-07-05,84457000,31497000,"ICEU","B2209",113.74,113.67,113.7
2022-07-05,84458000,31498000,"ICEU","B2209",113.74,113.67,113.71
2022-07-05,84500000,31500000,"ICEU","B2209",113.74,113.67,113.71
2022-07-05,84501000,31501000,"ICEU","B2209",113.74,113.68,113.71
2022-07-05,84502000,31502000,"ICEU","B2209",113.74,113.68,113.71
2022-07-05,84504000,31504000,"ICEU","B2209",113.74,113.68,113.71
2022-07-05,84505000,31505000,"ICEU","B2209",113.74,113.68,113.71
2022-07-05,84507000,31507000,"ICEU","B2209",113.74,113.68,113.71
2022-07-05,84509000,31509000,"ICEU","B2209",113.74,113.68,113.71
2022-07-05,84510000,31510000,"ICEU","B2209",113.74,113.68,113.71
2022-07-05,84515000,31515000,"ICEU","B2209",113.74,113.68,113.71
2022-07-05,84517000,31517000,"ICEU","B2209",113.74,113.68,113.71
2022-07-05,84519000,31519000,"ICEU","B2209",113.74,113.68,113.71
2022-07-05,84522000,31522000,"ICEU","B2209",113.74,113.68,113.71
2022-07-05,84523000,31523000,"ICEU","B2209",113.74,113.68,113.71
2022-07-05,84527000,31527000,"ICEU","B2209",113.74,113.68,113.71
2022-07-05,84528000,31528000,"ICEU","B2209",113.74,113.68,113.71
2022-07-05,84529000,31529000,"ICEU","B2209",113.74,113.68,113.71
2022-07-05,84530000,31530000,"ICEU","B2209",113.72,113.71,113.74
2022-07-05,84531000,31531000,"ICEU","B2209",113.72,113.72,113.74
2022-07-05,84533000,31533000,"ICEU","B2209",113.73,113.7,113.74
2022-07-05,84535000,31535000,"ICEU","B2209",113.73,113.71,113.74
2022-07-05,84537000,31537000,"ICEU","B2209",113.73,113.71,113.74
2022-07-05,84539000,31539000,"ICEU","B2209",113.73,113.71,113.74
2022-07-05,84541000,31541000,"ICEU","B2209",113.73,113.71,113.74
2022-07-05,84542000,31542000,"ICEU","B2209",113.73,113.71,113.74
2022-07-05,84548000,31548000,"ICEU","B2209",113.73,113.71,113.74
2022-07-05,84550000,31550000,"ICEU","B2209",113.73,113.71,113.74
2022-07-05,84554000,31554000,"ICEU","B2209",113.73,113.71,113.74
2022-07-05,84558000,31558000,"ICEU","B2209",113.73,113.71,113.74
2022-07-05,84602000,31562000,"ICEU","B2209",113.73,113.71,113.74
2022-07-05,84603000,31563000,"ICEU","B2209",113.73,113.71,113.74
2022-07-05,84604000,31564000,"ICEU","B2209",113.73,113.71,113.74
2022-07-05,84605000,31565000,"ICEU","B2209",113.73,113.72,113.74
2022-07-05,84606000,31566000,"ICEU","B2209",113.73,113.72,113.74
2022-07-05,84610000,31570000,"ICEU","B2209",113.73,113.72,113.74
2022-07-05,84611000,31571000,"ICEU","B2209",113.74,113.73,113.75
2022-07-05,84612000,31572000,"ICEU","B2209",113.74,113.73,113.75
2022-07-05,84615000,31575000,"ICEU","B2209",113.74,113.73,113.75
2022-07-05,84616000,31576000,"ICEU","B2209",113.74,113.73,113.75
2022-07-05,84618000,31578000,"ICEU","B2209",113.74,113.73,113.75
2022-07-05,84619000,31579000,"ICEU","B2209",113.74,113.73,113.75
2022-07-05,84639000,31599000,"ICEU","B2209",113.74,113.73,113.75
2022-07-05,84643000,31603000,"ICEU","B2209",113.74,113.73,113.75
2022-07-05,84644000,31604000,"ICEU","B2209",113.74,113.73,113.75
2022-07-05,84651000,31611000,"ICEU","B2209",113.74,113.73,113.75
2022-07-05,84655000,31615000,"ICEU","B2209",113.76,113.77,113.8
2022-07-05,84657000,31617000,"ICEU","B2209",113.76,113.77,113.8
2022-07-05,84658000,31618000,"ICEU","B2209",113.76,113.77,113.8
2022-07-05,84659000,31619000,"ICEU","B2209",113.76,113.77,113.8
2022-07-05,84700000,31620000,"ICEU","B2209",113.8,113.8,113.82
2022-07-05,84701000,31621000,"ICEU","B2209",113.79,113.79,113.82
2022-07-05,84702000,31622000,"ICEU","B2209",113.79,113.79,113.82
2022-07-05,84703000,31623000,"ICEU","B2209",113.79,113.79,113.82
2022-07-05,84704000,31624000,"ICEU","B2209",113.79,113.79,113.82
2022-07-05,84705000,31625000,"ICEU","B2209",113.79,113.79,113.82
2022-07-05,84707000,31627000,"ICEU","B2209",113.79,113.79,113.82
2022-07-05,84709000,31629000,"ICEU","B2209",113.79,113.79,113.82
2022-07-05,84710000,31630000,"ICEU","B2209",113.79,113.79,113.82
2022-07-05,84711000,31631000,"ICEU","B2209",113.79,113.79,113.82
2022-07-05,84712000,31632000,"ICEU","B2209",113.79,113.79,113.82
2022-07-05,84715000,31635000,"ICEU","B2209",113.79,113.79,113.82
2022-07-05,84716000,31636000,"ICEU","B2209",113.82,113.81,113.83
2022-07-05,84717000,31637000,"ICEU","B2209",113.82,113.81,113.83
2022-07-05,84719000,31639000,"ICEU","B2209",113.82,113.81,113.83
2022-07-05,84720000,31640000,"ICEU","B2209",113.81,113.81,113.83
2022-07-05,84721000,31641000,"ICEU","B2209",113.83,113.81,113.83
2022-07-05,84722000,31642000,"ICEU","B2209",113.83,113.81,113.84
2022-07-05,84724000,31644000,"ICEU","B2209",113.83,113.81,113.84
2022-07-05,84730000,31650000,"ICEU","B2209",113.83,113.81,113.83
2022-07-05,84732000,31652000,"ICEU","B2209",113.83,113.81,113.83
2022-07-05,84734000,31654000,"ICEU","B2209",113.83,113.81,113.83
2022-07-05,84735000,31655000,"ICEU","B2209",113.83,113.81,113.83
2022-07-05,84744000,31664000,"ICEU","B2209",113.83,113.81,113.83
2022-07-05,84745000,31665000,"ICEU","B2209",113.83,113.81,113.83
2022-07-05,84746000,31666000,"ICEU","B2209",113.83,113.81,113.83
2022-07-05,84749000,31669000,"ICEU","B2209",113.83,113.81,113.83
2022-07-05,84751000,31671000,"ICEU","B2209",113.83,113.81,113.83
2022-07-05,84753000,31673000,"ICEU","B2209",113.82,113.81,113.83
2022-07-05,84754000,31674000,"ICEU","B2209",113.82,113.81,113.83
2022-07-05,84803000,31683000,"ICEU","B2209",113.82,113.81,113.83
2022-07-05,84804000,31684000,"ICEU","B2209",113.82,113.81,113.83
2022-07-05,84806000,31686000,"ICEU","B2209",113.82,113.81,113.83
2022-07-05,84807000,31687000,"ICEU","B2209",113.82,113.81,113.83
2022-07-05,84808000,31688000,"ICEU","B2209",113.82,113.81,113.83
2022-07-05,84809000,31689000,"ICEU","B2209",113.83,113.84,113.87
2022-07-05,84810000,31690000,"ICEU","B2209",113.83,113.84,113.86
2022-07-05,84811000,31691000,"ICEU","B2209",113.83,113.84,113.86
2022-07-05,84813000,31693000,"ICEU","B2209",113.84,113.82,113.85
2022-07-05,84814000,31694000,"ICEU","B2209",113.84,113.82,113.86
2022-07-05,84826000,31706000,"ICEU","B2209",113.84,113.82,113.86
2022-07-05,84827000,31707000,"ICEU","B2209",113.84,113.82,113.84
2022-07-05,84830000,31710000,"ICEU","B2209",113.79,113.76,113.78
2022-07-05,84831000,31711000,"ICEU","B2209",113.79,113.76,113.78
2022-07-05,84833000,31713000,"ICEU","B2209",113.79,113.76,113.78
2022-07-05,84834000,31714000,"ICEU","B2209",113.78,113.76,113.8
2022-07-05,84835000,31715000,"ICEU","B2209",113.78,113.76,113.79
2022-07-05,84837000,31717000,"ICEU","B2209",113.78,113.76,113.79
2022-07-05,84842000,31722000,"ICEU","B2209",113.78,113.76,113.79
2022-07-05,84847000,31727000,"ICEU","B2209",113.78,113.76,113.79
2022-07-05,84848000,31728000,"ICEU","B2209",113.78,113.76,113.79
2022-07-05,84849000,31729000,"ICEU","B2209",113.78,113.76,113.79
2022-07-05,84850000,31730000,"ICEU","B2209",113.78,113.76,113.79
2022-07-05,84852000,31732000,"ICEU","B2209",113.78,113.76,113.79
2022-07-05,84854000,31734000,"ICEU","B2209",113.78,113.76,113.79
2022-07-05,84855000,31735000,"ICEU","B2209",113.78,113.76,113.79
2022-07-05,84856000,31736000,"ICEU","B2209",113.78,113.76,113.78
2022-07-05,84859000,31739000,"ICEU","B2209",113.78,113.76,113.78
2022-07-05,84901000,31741000,"ICEU","B2209",113.78,113.76,113.78
2022-07-05,84902000,31742000,"ICEU","B2209",113.78,113.76,113.79
2022-07-05,84904000,31744000,"ICEU","B2209",113.78,113.76,113.79
2022-07-05,84905000,31745000,"ICEU","B2209",113.78,113.76,113.79
2022-07-05,84908000,31748000,"ICEU","B2209",113.78,113.76,113.79
2022-07-05,84911000,31751000,"ICEU","B2209",113.78,113.76,113.79
2022-07-05,84917000,31757000,"ICEU","B2209",113.78,113.76,113.78
2022-07-05,84922000,31762000,"ICEU","B2209",113.76,113.72,113.75
2022-07-05,84923000,31763000,"ICEU","B2209",113.76,113.72,113.75
2022-07-05,84926000,31766000,"ICEU","B2209",113.76,113.72,113.75
2022-07-05,84927000,31767000,"ICEU","B2209",113.76,113.72,113.76
2022-07-05,84928000,31768000,"ICEU","B2209",113.76,113.72,113.76
2022-07-05,84929000,31769000,"ICEU","B2209",113.76,113.72,113.76
2022-07-05,84930000,31770000,"ICEU","B2209",113.76,113.72,113.76
2022-07-05,84931000,31771000,"ICEU","B2209",113.76,113.73,113.76
2022-07-05,84932000,31772000,"ICEU","B2209",113.76,113.72,113.75
2022-07-05,84934000,31774000,"ICEU","B2209",113.76,113.72,113.75
2022-07-05,84935000,31775000,"ICEU","B2209",113.76,113.72,113.75
2022-07-05,84938000,31778000,"ICEU","B2209",113.76,113.75,113.76
2022-07-05,84940000,31780000,"ICEU","B2209",113.75,113.75,113.76
2022-07-05,84945000,31785000,"ICEU","B2209",113.75,113.75,113.76
2022-07-05,84948000,31788000,"ICEU","B2209",113.76,113.75,113.78
2022-07-05,84949000,31789000,"ICEU","B2209",113.76,113.75,113.78
2022-07-05,84950000,31790000,"ICEU","B2209",113.76,113.75,113.78
2022-07-05,84951000,31791000,"ICEU","B2209",113.76,113.75,113.78
2022-07-05,84952000,31792000,"ICEU","B2209",113.76,113.75,113.78
2022-07-05,84954000,31794000,"ICEU","B2209",113.78,113.77,113.8
2022-07-05,84955000,31795000,"ICEU","B2209",113.78,113.77,113.8
2022-07-05,84956000,31796000,"ICEU","B2209",113.78,113.77,113.8
2022-07-05,84959000,31799000,"ICEU","B2209",113.78,113.77,113.8
2022-07-05,8.5e+07,31800000,"ICEU","B2209",113.78,113.77,113.8
2022-07-05,85003000,31803000,"ICEU","B2209",113.78,113.77,113.8
2022-07-05,85004000,31804000,"ICEU","B2209",113.78,113.81,113.84
2022-07-05,85006000,31806000,"ICEU","B2209",113.78,113.8,113.83
2022-07-05,85007000,31807000,"ICEU","B2209",113.78,113.81,113.84
2022-07-05,85010000,31810000,"ICEU","B2209",113.84,113.83,113.84
2022-07-05,85011000,31811000,"ICEU","B2209",113.84,113.81,113.84
2022-07-05,85014000,31814000,"ICEU","B2209",113.84,113.81,113.84
2022-07-05,85015000,31815000,"ICEU","B2209",113.84,113.81,113.84
2022-07-05,85016000,31816000,"ICEU","B2209",113.84,113.81,113.84
2022-07-05,85020000,31820000,"ICEU","B2209",113.84,113.81,113.84
2022-07-05,85024000,31824000,"ICEU","B2209",113.84,113.81,113.84
2022-07-05,85025000,31825000,"ICEU","B2209",113.84,113.81,113.84
2022-07-05,85026000,31826000,"ICEU","B2209",113.84,113.81,113.84
2022-07-05,85027000,31827000,"ICEU","B2209",113.84,113.81,113.84
2022-07-05,85030000,31830000,"ICEU","B2209",113.84,113.81,113.83
2022-07-05,85031000,31831000,"ICEU","B2209",113.84,113.79,113.82
2022-07-05,85032000,31832000,"ICEU","B2209",113.84,113.79,113.82
2022-07-05,85035000,31835000,"ICEU","B2209",113.84,113.79,113.82
2022-07-05,85037000,31837000,"ICEU","B2209",113.84,113.81,113.83
2022-07-05,85039000,31839000,"ICEU","B2209",113.84,113.8,113.83
2022-07-05,85040000,31840000,"ICEU","B2209",113.84,113.8,113.83
2022-07-05,85046000,31846000,"ICEU","B2209",113.84,113.8,113.83
2022-07-05,85050000,31850000,"ICEU","B2209",113.84,113.8,113.83
2022-07-05,85053000,31853000,"ICEU","B2209",113.84,113.79,113.83
2022-07-05,85054000,31854000,"ICEU","B2209",113.84,113.79,113.82
2022-07-05,85056000,31856000,"ICEU","B2209",113.84,113.79,113.82
2022-07-05,85105000,31865000,"ICEU","B2209",113.84,113.79,113.82
2022-07-05,85107000,31867000,"ICEU","B2209",113.84,113.79,113.82
2022-07-05,85112000,31872000,"ICEU","B2209",113.84,113.79,113.82
2022-07-05,85117000,31877000,"ICEU","B2209",113.84,113.79,113.82
2022-07-05,85118000,31878000,"ICEU","B2209",113.84,113.79,113.82
2022-07-05,85119000,31879000,"ICEU","B2209",113.84,113.79,113.82
2022-07-05,85120000,31880000,"ICEU","B2209",113.84,113.79,113.81
2022-07-05,85124000,31884000,"ICEU","B2209",113.84,113.79,113.81
2022-07-05,85130000,31890000,"ICEU","B2209",113.84,113.79,113.81
2022-07-05,85131000,31891000,"ICEU","B2209",113.84,113.79,113.81
2022-07-05,85137000,31897000,"ICEU","B2209",113.84,113.79,113.81
2022-07-05,85139000,31899000,"ICEU","B2209",113.84,113.79,113.81
2022-07-05,85146000,31906000,"ICEU","B2209",113.84,113.79,113.8
2022-07-05,85147000,31907000,"ICEU","B2209",113.79,113.78,113.8
2022-07-05,85149000,31909000,"ICEU","B2209",113.79,113.78,113.8
2022-07-05,85150000,31910000,"ICEU","B2209",113.79,113.78,113.79
2022-07-05,85151000,31911000,"ICEU","B2209",113.78,113.77,113.8
2022-07-05,85152000,31912000,"ICEU","B2209",113.78,113.78,113.8
2022-07-05,85154000,31914000,"ICEU","B2209",113.78,113.78,113.8
2022-07-05,85155000,31915000,"ICEU","B2209",113.78,113.78,113.8
2022-07-05,85156000,31916000,"ICEU","B2209",113.78,113.78,113.8
2022-07-05,85200000,31920000,"ICEU","B2209",113.78,113.78,113.8
2022-07-05,85201000,31921000,"ICEU","B2209",113.78,113.78,113.8
2022-07-05,85202000,31922000,"ICEU","B2209",113.78,113.78,113.8
2022-07-05,85203000,31923000,"ICEU","B2209",113.81,113.79,113.83
2022-07-05,85204000,31924000,"ICEU","B2209",113.81,113.79,113.83
2022-07-05,85207000,31927000,"ICEU","B2209",113.81,113.79,113.83
2022-07-05,85212000,31932000,"ICEU","B2209",113.81,113.79,113.82
2022-07-05,85213000,31933000,"ICEU","B2209",113.81,113.79,113.82
2022-07-05,85215000,31935000,"ICEU","B2209",113.81,113.79,113.82
2022-07-05,85216000,31936000,"ICEU","B2209",113.81,113.79,113.82
2022-07-05,85219000,31939000,"ICEU","B2209",113.79,113.77,113.8
2022-07-05,85222000,31942000,"ICEU","B2209",113.79,113.77,113.8
2022-07-05,85224000,31944000,"ICEU","B2209",113.81,113.77,113.8
2022-07-05,85225000,31945000,"ICEU","B2209",113.81,113.77,113.8
2022-07-05,85227000,31947000,"ICEU","B2209",113.81,113.77,113.8
2022-07-05,85228000,31948000,"ICEU","B2209",113.81,113.77,113.8
2022-07-05,85231000,31951000,"ICEU","B2209",113.81,113.77,113.8
2022-07-05,85232000,31952000,"ICEU","B2209",113.81,113.76,113.79
2022-07-05,85236000,31956000,"ICEU","B2209",113.81,113.76,113.79
2022-07-05,85237000,31957000,"ICEU","B2209",113.79,113.77,113.8
2022-07-05,85238000,31958000,"ICEU","B2209",113.79,113.78,113.8
2022-07-05,85240000,31960000,"ICEU","B2209",113.79,113.76,113.79
2022-07-05,85241000,31961000,"ICEU","B2209",113.79,113.76,113.79
2022-07-05,85242000,31962000,"ICEU","B2209",113.79,113.76,113.79
2022-07-05,85247000,31967000,"ICEU","B2209",113.79,113.76,113.77
2022-07-05,85248000,31968000,"ICEU","B2209",113.77,113.75,113.78
2022-07-05,85252000,31972000,"ICEU","B2209",113.77,113.75,113.78
2022-07-05,85253000,31973000,"ICEU","B2209",113.77,113.76,113.79
2022-07-05,85255000,31975000,"ICEU","B2209",113.77,113.76,113.79
2022-07-05,85301000,31981000,"ICEU","B2209",113.77,113.76,113.79
2022-07-05,85302000,31982000,"ICEU","B2209",113.77,113.75,113.78
2022-07-05,85303000,31983000,"ICEU","B2209",113.77,113.75,113.78
2022-07-05,85304000,31984000,"ICEU","B2209",113.77,113.75,113.78
2022-07-05,85307000,31987000,"ICEU","B2209",113.77,113.75,113.78
2022-07-05,85311000,31991000,"ICEU","B2209",113.77,113.76,113.79
2022-07-05,85312000,31992000,"ICEU","B2209",113.77,113.76,113.79
2022-07-05,85314000,31994000,"ICEU","B2209",113.77,113.76,113.79
2022-07-05,85326000,32006000,"ICEU","B2209",113.77,113.76,113.79
2022-07-05,85330000,32010000,"ICEU","B2209",113.77,113.76,113.79
2022-07-05,85332000,32012000,"ICEU","B2209",113.77,113.76,113.79
2022-07-05,85335000,32015000,"ICEU","B2209",113.77,113.76,113.79
2022-07-05,85336000,32016000,"ICEU","B2209",113.77,113.76,113.79
2022-07-05,85337000,32017000,"ICEU","B2209",113.77,113.76,113.79
2022-07-05,85341000,32021000,"ICEU","B2209",113.77,113.76,113.79
2022-07-05,85344000,32024000,"ICEU","B2209",113.77,113.75,113.76
2022-07-05,85345000,32025000,"ICEU","B2209",113.74,113.74,113.76
2022-07-05,85346000,32026000,"ICEU","B2209",113.74,113.74,113.76
2022-07-05,85347000,32027000,"ICEU","B2209",113.74,113.74,113.76
2022-07-05,85352000,32032000,"ICEU","B2209",113.74,113.74,113.76
2022-07-05,85353000,32033000,"ICEU","B2209",113.76,113.76,113.77
2022-07-05,85355000,32035000,"ICEU","B2209",113.76,113.76,113.77
2022-07-05,85359000,32039000,"ICEU","B2209",113.76,113.75,113.77
2022-07-05,85400000,32040000,"ICEU","B2209",113.76,113.75,113.77
2022-07-05,85402000,32042000,"ICEU","B2209",113.76,113.75,113.77
2022-07-05,85403000,32043000,"ICEU","B2209",113.76,113.75,113.77
2022-07-05,85406000,32046000,"ICEU","B2209",113.76,113.75,113.77
2022-07-05,85407000,32047000,"ICEU","B2209",113.76,113.75,113.77
2022-07-05,85416000,32056000,"ICEU","B2209",113.76,113.74,113.77
2022-07-05,85419000,32059000,"ICEU","B2209",113.76,113.73,113.76
2022-07-05,85425000,32065000,"ICEU","B2209",113.76,113.73,113.76
2022-07-05,85426000,32066000,"ICEU","B2209",113.76,113.73,113.76
2022-07-05,85429000,32069000,"ICEU","B2209",113.76,113.74,113.76
2022-07-05,85431000,32071000,"ICEU","B2209",113.76,113.74,113.76
2022-07-05,85435000,32075000,"ICEU","B2209",113.73,113.72,113.75
2022-07-05,85436000,32076000,"ICEU","B2209",113.73,113.72,113.76
2022-07-05,85438000,32078000,"ICEU","B2209",113.73,113.72,113.76
2022-07-05,85440000,32080000,"ICEU","B2209",113.73,113.73,113.77
2022-07-05,85441000,32081000,"ICEU","B2209",113.76,113.75,113.78
2022-07-05,85446000,32086000,"ICEU","B2209",113.76,113.75,113.78
2022-07-05,85449000,32089000,"ICEU","B2209",113.76,113.75,113.78
2022-07-05,85456000,32096000,"ICEU","B2209",113.76,113.75,113.78
2022-07-05,85500000,32100000,"ICEU","B2209",113.76,113.75,113.78
2022-07-05,85501000,32101000,"ICEU","B2209",113.76,113.78,113.81
2022-07-05,85502000,32102000,"ICEU","B2209",113.76,113.75,113.78
2022-07-05,85503000,32103000,"ICEU","B2209",113.79,113.76,113.79
2022-07-05,85504000,32104000,"ICEU","B2209",113.79,113.77,113.79
2022-07-05,85505000,32105000,"ICEU","B2209",113.79,113.77,113.81
2022-07-05,85508000,32108000,"ICEU","B2209",113.79,113.77,113.8
2022-07-05,85511000,32111000,"ICEU","B2209",113.79,113.77,113.8
2022-07-05,85515000,32115000,"ICEU","B2209",113.79,113.77,113.8
2022-07-05,85516000,32116000,"ICEU","B2209",113.79,113.77,113.8
2022-07-05,85517000,32117000,"ICEU","B2209",113.79,113.76,113.79
2022-07-05,85521000,32121000,"ICEU","B2209",113.79,113.76,113.79
2022-07-05,85522000,32122000,"ICEU","B2209",113.79,113.76,113.79
2022-07-05,85524000,32124000,"ICEU","B2209",113.79,113.75,113.78
2022-07-05,85532000,32132000,"ICEU","B2209",113.79,113.74,113.77
2022-07-05,85534000,32134000,"ICEU","B2209",113.79,113.74,113.77
2022-07-05,85538000,32138000,"ICEU","B2209",113.79,113.73,113.77
2022-07-05,85546000,32146000,"ICEU","B2209",113.79,113.74,113.78
2022-07-05,85547000,32147000,"ICEU","B2209",113.78,113.74,113.77
2022-07-05,85548000,32148000,"ICEU","B2209",113.78,113.74,113.77
2022-07-05,85550000,32150000,"ICEU","B2209",113.78,113.74,113.77
2022-07-05,85557000,32157000,"ICEU","B2209",113.78,113.73,113.77
2022-07-05,85601000,32161000,"ICEU","B2209",113.78,113.73,113.75
2022-07-05,85602000,32162000,"ICEU","B2209",113.78,113.72,113.75
2022-07-05,85603000,32163000,"ICEU","B2209",113.78,113.72,113.75
2022-07-05,85604000,32164000,"ICEU","B2209",113.78,113.72,113.75
2022-07-05,85606000,32166000,"ICEU","B2209",113.78,113.72,113.75
2022-07-05,85607000,32167000,"ICEU","B2209",113.78,113.72,113.75
2022-07-05,85609000,32169000,"ICEU","B2209",113.78,113.7,113.73
2022-07-05,85610000,32170000,"ICEU","B2209",113.78,113.7,113.73
2022-07-05,85611000,32171000,"ICEU","B2209",113.78,113.73,113.74
2022-07-05,85612000,32172000,"ICEU","B2209",113.73,113.72,113.74
2022-07-05,85613000,32173000,"ICEU","B2209",113.74,113.74,113.75
2022-07-05,85614000,32174000,"ICEU","B2209",113.75,113.75,113.76
2022-07-05,85615000,32175000,"ICEU","B2209",113.75,113.74,113.76
2022-07-05,85616000,32176000,"ICEU","B2209",113.76,113.74,113.77
2022-07-05,85617000,32177000,"ICEU","B2209",113.76,113.75,113.76
2022-07-05,85619000,32179000,"ICEU","B2209",113.76,113.75,113.77
2022-07-05,85620000,32180000,"ICEU","B2209",113.77,113.76,113.79
2022-07-05,85622000,32182000,"ICEU","B2209",113.77,113.76,113.79
2022-07-05,85623000,32183000,"ICEU","B2209",113.79,113.79,113.81
2022-07-05,85626000,32186000,"ICEU","B2209",113.81,113.8,113.82
2022-07-05,85627000,32187000,"ICEU","B2209",113.83,113.85,113.88
2022-07-05,85630000,32190000,"ICEU","B2209",113.83,113.85,113.88
2022-07-05,85633000,32193000,"ICEU","B2209",113.83,113.85,113.88
2022-07-05,85634000,32194000,"ICEU","B2209",113.83,113.85,113.88
2022-07-05,85636000,32196000,"ICEU","B2209",113.83,113.85,113.88
2022-07-05,85637000,32197000,"ICEU","B2209",113.83,113.84,113.87
2022-07-05,85638000,32198000,"ICEU","B2209",113.83,113.83,113.87
2022-07-05,85639000,32199000,"ICEU","B2209",113.83,113.83,113.87
2022-07-05,85641000,32201000,"ICEU","B2209",113.83,113.83,113.87
2022-07-05,85642000,32202000,"ICEU","B2209",113.83,113.82,113.86
2022-07-05,85645000,32205000,"ICEU","B2209",113.83,113.83,113.86
2022-07-05,85646000,32206000,"ICEU","B2209",113.83,113.82,113.83
2022-07-05,85647000,32207000,"ICEU","B2209",113.83,113.82,113.83
2022-07-05,85648000,32208000,"ICEU","B2209",113.82,113.81,113.83
2022-07-05,85649000,32209000,"ICEU","B2209",113.82,113.81,113.83
2022-07-05,85653000,32213000,"ICEU","B2209",113.83,113.82,113.85
2022-07-05,85654000,32214000,"ICEU","B2209",113.83,113.83,113.85
2022-07-05,85655000,32215000,"ICEU","B2209",113.83,113.83,113.85
2022-07-05,85658000,32218000,"ICEU","B2209",113.83,113.82,113.85
2022-07-05,85700000,32220000,"ICEU","B2209",113.83,113.82,113.85
2022-07-05,85701000,32221000,"ICEU","B2209",113.83,113.81,113.83
2022-07-05,85702000,32222000,"ICEU","B2209",113.83,113.81,113.83
2022-07-05,85704000,32224000,"ICEU","B2209",113.83,113.81,113.83
2022-07-05,85705000,32225000,"ICEU","B2209",113.83,113.8,113.83
2022-07-05,85706000,32226000,"ICEU","B2209",113.83,113.8,113.83
2022-07-05,85708000,32228000,"ICEU","B2209",113.83,113.79,113.82
2022-07-05,85710000,32230000,"ICEU","B2209",113.83,113.8,113.82
2022-07-05,85711000,32231000,"ICEU","B2209",113.83,113.8,113.82
2022-07-05,85712000,32232000,"ICEU","B2209",113.83,113.8,113.82
2022-07-05,85713000,32233000,"ICEU","B2209",113.83,113.8,113.83
2022-07-05,85715000,32235000,"ICEU","B2209",113.83,113.79,113.82
2022-07-05,85718000,32238000,"ICEU","B2209",113.83,113.79,113.81
2022-07-05,85719000,32239000,"ICEU","B2209",113.83,113.78,113.81
2022-07-05,85723000,32243000,"ICEU","B2209",113.83,113.78,113.81
2022-07-05,85726000,32246000,"ICEU","B2209",113.83,113.78,113.8
2022-07-05,85732000,32252000,"ICEU","B2209",113.83,113.78,113.8
2022-07-05,85735000,32255000,"ICEU","B2209",113.8,113.8,113.82
2022-07-05,85737000,32257000,"ICEU","B2209",113.8,113.8,113.83
2022-07-05,85741000,32261000,"ICEU","B2209",113.8,113.8,113.83
2022-07-05,85744000,32264000,"ICEU","B2209",113.8,113.81,113.84
2022-07-05,85748000,32268000,"ICEU","B2209",113.8,113.81,113.85
2022-07-05,85749000,32269000,"ICEU","B2209",113.8,113.8,113.83
2022-07-05,85750000,32270000,"ICEU","B2209",113.8,113.81,113.84
2022-07-05,85753000,32273000,"ICEU","B2209",113.8,113.81,113.84
2022-07-05,85754000,32274000,"ICEU","B2209",113.8,113.82,113.85
2022-07-05,85756000,32276000,"ICEU","B2209",113.8,113.81,113.84
2022-07-05,85757000,32277000,"ICEU","B2209",113.8,113.81,113.84
2022-07-05,85800000,32280000,"ICEU","B2209",113.8,113.81,113.84
2022-07-05,85801000,32281000,"ICEU","B2209",113.8,113.81,113.84
2022-07-05,85803000,32283000,"ICEU","B2209",113.8,113.81,113.84
2022-07-05,85805000,32285000,"ICEU","B2209",113.8,113.81,113.84
2022-07-05,85806000,32286000,"ICEU","B2209",113.8,113.8,113.84
2022-07-05,85808000,32288000,"ICEU","B2209",113.8,113.81,113.84
2022-07-05,85809000,32289000,"ICEU","B2209",113.8,113.81,113.84
2022-07-05,85810000,32290000,"ICEU","B2209",113.8,113.8,113.84
2022-07-05,85811000,32291000,"ICEU","B2209",113.8,113.81,113.84
2022-07-05,85812000,32292000,"ICEU","B2209",113.8,113.81,113.84
2022-07-05,85813000,32293000,"ICEU","B2209",113.8,113.81,113.84
2022-07-05,85816000,32296000,"ICEU","B2209",113.8,113.8,113.83
2022-07-05,85818000,32298000,"ICEU","B2209",113.8,113.8,113.83
2022-07-05,85820000,32300000,"ICEU","B2209",113.8,113.8,113.83
2022-07-05,85823000,32303000,"ICEU","B2209",113.8,113.81,113.83
2022-07-05,85824000,32304000,"ICEU","B2209",113.8,113.8,113.84
2022-07-05,85825000,32305000,"ICEU","B2209",113.8,113.79,113.82
2022-07-05,85826000,32306000,"ICEU","B2209",113.8,113.78,113.82
2022-07-05,85827000,32307000,"ICEU","B2209",113.8,113.8,113.82
2022-07-05,85832000,32312000,"ICEU","B2209",113.8,113.8,113.84
2022-07-05,85833000,32313000,"ICEU","B2209",113.8,113.8,113.83
2022-07-05,85834000,32314000,"ICEU","B2209",113.8,113.8,113.83
2022-07-05,85835000,32315000,"ICEU","B2209",113.8,113.78,113.81
2022-07-05,85836000,32316000,"ICEU","B2209",113.8,113.79,113.82
2022-07-05,85837000,32317000,"ICEU","B2209",113.8,113.78,113.81
2022-07-05,85843000,32323000,"ICEU","B2209",113.8,113.77,113.81
2022-07-05,85844000,32324000,"ICEU","B2209",113.8,113.77,113.8
2022-07-05,85845000,32325000,"ICEU","B2209",113.8,113.77,113.8
2022-07-05,85847000,32327000,"ICEU","B2209",113.8,113.78,113.8
2022-07-05,85848000,32328000,"ICEU","B2209",113.8,113.77,113.8
2022-07-05,85854000,32334000,"ICEU","B2209",113.8,113.79,113.82
2022-07-05,85855000,32335000,"ICEU","B2209",113.8,113.79,113.82
2022-07-05,85857000,32337000,"ICEU","B2209",113.8,113.79,113.82
2022-07-05,85858000,32338000,"ICEU","B2209",113.8,113.79,113.82
2022-07-05,85900000,32340000,"ICEU","B2209",113.8,113.79,113.82
2022-07-05,85901000,32341000,"ICEU","B2209",113.8,113.79,113.82
2022-07-05,85902000,32342000,"ICEU","B2209",113.8,113.79,113.82
2022-07-05,85903000,32343000,"ICEU","B2209",113.8,113.81,113.84
2022-07-05,85904000,32344000,"ICEU","B2209",113.8,113.81,113.84
2022-07-05,85908000,32348000,"ICEU","B2209",113.8,113.81,113.83
2022-07-05,85909000,32349000,"ICEU","B2209",113.8,113.8,113.83
2022-07-05,85916000,32356000,"ICEU","B2209",113.8,113.81,113.84
2022-07-05,85918000,32358000,"ICEU","B2209",113.8,113.81,113.85
2022-07-05,85921000,32361000,"ICEU","B2209",113.8,113.81,113.85
2022-07-05,85925000,32365000,"ICEU","B2209",113.8,113.81,113.85
2022-07-05,85933000,32373000,"ICEU","B2209",113.8,113.81,113.84
2022-07-05,85935000,32375000,"ICEU","B2209",113.8,113.81,113.85
2022-07-05,85937000,32377000,"ICEU","B2209",113.85,113.85,113.88
2022-07-05,85938000,32378000,"ICEU","B2209",113.85,113.85,113.88
2022-07-05,85939000,32379000,"ICEU","B2209",113.85,113.85,113.88
2022-07-05,85941000,32381000,"ICEU","B2209",113.85,113.85,113.88
2022-07-05,85942000,32382000,"ICEU","B2209",113.85,113.84,113.88
2022-07-05,85943000,32383000,"ICEU","B2209",113.85,113.85,113.88
2022-07-05,85945000,32385000,"ICEU","B2209",113.85,113.84,113.88
2022-07-05,85947000,32387000,"ICEU","B2209",113.85,113.84,113.88
2022-07-05,85952000,32392000,"ICEU","B2209",113.85,113.83,113.86
2022-07-05,85955000,32395000,"ICEU","B2209",113.85,113.83,113.86
2022-07-05,85957000,32397000,"ICEU","B2209",113.85,113.83,113.86
2022-07-05,85959000,32399000,"ICEU","B2209",113.85,113.83,113.86
2022-07-05,9e+07,32400000,"ICEU","B2209",113.85,113.84,113.86
2022-07-05,90001000,32401000,"ICEU","B2209",113.92,113.91,113.94
2022-07-05,90002000,32402000,"ICEU","B2209",113.98,113.95,113.98
2022-07-05,90003000,32403000,"ICEU","B2209",114.04,113.98,114.01
2022-07-05,90004000,32404000,"ICEU","B2209",114.05,114.02,114.05
2022-07-05,90005000,32405000,"ICEU","B2209",114.05,114.04,114.05
2022-07-05,90006000,32406000,"ICEU","B2209",114.03,114.03,114.06
2022-07-05,90007000,32407000,"ICEU","B2209",114.01,114.01,114.04
2022-07-05,90008000,32408000,"ICEU","B2209",114,114,114.02
2022-07-05,90009000,32409000,"ICEU","B2209",114,113.99,114.03
2022-07-05,90010000,32410000,"ICEU","B2209",114.06,114.05,114.06
2022-07-05,90011000,32411000,"ICEU","B2209",114.07,114.06,114.08
2022-07-05,90012000,32412000,"ICEU","B2209",114.07,114.06,114.08
2022-07-05,90013000,32413000,"ICEU","B2209",114.07,114.06,114.08
2022-07-05,90014000,32414000,"ICEU","B2209",114.07,114.05,114.08
2022-07-05,90015000,32415000,"ICEU","B2209",114.08,114.08,114.09
2022-07-05,90016000,32416000,"ICEU","B2209",114.09,114.08,114.1
2022-07-05,90017000,32417000,"ICEU","B2209",114.09,114.07,114.1
2022-07-05,90018000,32418000,"ICEU","B2209",114.08,114.07,114.08
2022-07-05,90019000,32419000,"ICEU","B2209",114.07,114.05,114.08
2022-07-05,90020000,32420000,"ICEU","B2209",114.05,114.04,114.06
2022-07-05,90021000,32421000,"ICEU","B2209",114.05,114.04,114.05
2022-07-05,90022000,32422000,"ICEU","B2209",114.04,114.03,114.06
2022-07-05,90023000,32423000,"ICEU","B2209",114.05,114.04,114.05
2022-07-05,90024000,32424000,"ICEU","B2209",114.05,114.04,114.06
2022-07-05,90025000,32425000,"ICEU","B2209",114.06,114.06,114.09
2022-07-05,90026000,32426000,"ICEU","B2209",114.08,114.07,114.08
2022-07-05,90027000,32427000,"ICEU","B2209",114.07,114.06,114.08
2022-07-05,90028000,32428000,"ICEU","B2209",114.07,114.06,114.09
2022-07-05,90029000,32429000,"ICEU","B2209",114.09,114.07,114.1
2022-07-05,90030000,32430000,"ICEU","B2209",114.09,114.08,114.1
2022-07-05,90031000,32431000,"ICEU","B2209",114.09,114.08,114.1
2022-07-05,90032000,32432000,"ICEU","B2209",114.09,114.08,114.1
2022-07-05,90033000,32433000,"ICEU","B2209",114.1,114.08,114.1
2022-07-05,90034000,32434000,"ICEU","B2209",114.1,114.08,114.1
2022-07-05,90035000,32435000,"ICEU","B2209",114.09,114.08,114.1
2022-07-05,90036000,32436000,"ICEU","B2209",114.09,114.08,114.1
2022-07-05,90037000,32437000,"ICEU","B2209",114.08,114.07,114.09
2022-07-05,90038000,32438000,"ICEU","B2209",114.08,114.07,114.1
2022-07-05,90039000,32439000,"ICEU","B2209",114.09,114.07,114.1
2022-07-05,90040000,32440000,"ICEU","B2209",114.09,114.07,114.1
2022-07-05,90041000,32441000,"ICEU","B2209",114.09,114.09,114.1
2022-07-05,90042000,32442000,"ICEU","B2209",114.09,114.08,114.1
2022-07-05,90043000,32443000,"ICEU","B2209",114.08,114.07,114.09
2022-07-05,90044000,32444000,"ICEU","B2209",114.06,114.05,114.08
2022-07-05,90045000,32445000,"ICEU","B2209",114.06,114.05,114.08
2022-07-05,90046000,32446000,"ICEU","B2209",114.05,114.02,114.06
2022-07-05,90047000,32447000,"ICEU","B2209",114.08,114.05,114.07
2022-07-05,90048000,32448000,"ICEU","B2209",114.08,114.05,114.08
2022-07-05,90049000,32449000,"ICEU","B2209",114.07,114.05,114.09
2022-07-05,90050000,32450000,"ICEU","B2209",114.07,114.05,114.09
2022-07-05,90051000,32451000,"ICEU","B2209",114.07,114.08,114.09
2022-07-05,90052000,32452000,"ICEU","B2209",114.08,114.06,114.09
2022-07-05,90053000,32453000,"ICEU","B2209",114.08,114.06,114.09
2022-07-05,90054000,32454000,"ICEU","B2209",114.08,114.05,114.09
2022-07-05,90055000,32455000,"ICEU","B2209",114.08,114.06,114.09
2022-07-05,90056000,32456000,"ICEU","B2209",114.08,114.05,114.09
2022-07-05,90057000,32457000,"ICEU","B2209",114.08,114.05,114.09
2022-07-05,90058000,32458000,"ICEU","B2209",114.08,114.06,114.09
2022-07-05,90059000,32459000,"ICEU","B2209",114.08,114.05,114.08
2022-07-05,90100000,32460000,"ICEU","B2209",114.09,114.07,114.1
2022-07-05,90101000,32461000,"ICEU","B2209",114.09,114.09,114.1
2022-07-05,90102000,32462000,"ICEU","B2209",114.09,114.07,114.1
2022-07-05,90103000,32463000,"ICEU","B2209",114.09,114.06,114.09
2022-07-05,90104000,32464000,"ICEU","B2209",114.09,114.07,114.08
2022-07-05,90105000,32465000,"ICEU","B2209",114.06,114.05,114.08
2022-07-05,90106000,32466000,"ICEU","B2209",114.06,114.05,114.07
2022-07-05,90107000,32467000,"ICEU","B2209",114.05,114.02,114.05
2022-07-05,90108000,32468000,"ICEU","B2209",114.05,114.03,114.06
2022-07-05,90109000,32469000,"ICEU","B2209",114.05,114.03,114.05
2022-07-05,90110000,32470000,"ICEU","B2209",114.05,114.03,114.06
2022-07-05,90111000,32471000,"ICEU","B2209",114.05,114.03,114.06
2022-07-05,90112000,32472000,"ICEU","B2209",114.05,114.04,114.07
2022-07-05,90113000,32473000,"ICEU","B2209",114.08,114.05,114.08
2022-07-05,90114000,32474000,"ICEU","B2209",114.06,114.06,114.07
2022-07-05,90115000,32475000,"ICEU","B2209",114.06,114.06,114.07
2022-07-05,90116000,32476000,"ICEU","B2209",114.06,114.05,114.07
2022-07-05,90117000,32477000,"ICEU","B2209",114.09,114.07,114.1
2022-07-05,90118000,32478000,"ICEU","B2209",114.09,114.06,114.09
2022-07-05,90120000,32480000,"ICEU","B2209",114.09,114.06,114.09
2022-07-05,90121000,32481000,"ICEU","B2209",114.05,114.03,114.07
2022-07-05,90122000,32482000,"ICEU","B2209",114.03,114.02,114.05
2022-07-05,90123000,32483000,"ICEU","B2209",114.06,114.08,114.1
2022-07-05,90124000,32484000,"ICEU","B2209",114.08,114.06,114.09
2022-07-05,90125000,32485000,"ICEU","B2209",114.09,114.06,114.1
2022-07-05,90126000,32486000,"ICEU","B2209",114.09,114.06,114.09
2022-07-05,90127000,32487000,"ICEU","B2209",114.09,114.05,114.09
2022-07-05,90128000,32488000,"ICEU","B2209",114.09,114.05,114.08
2022-07-05,90129000,32489000,"ICEU","B2209",114.08,114.05,114.08
2022-07-05,90130000,32490000,"ICEU","B2209",114.1,114.08,114.1
2022-07-05,90131000,32491000,"ICEU","B2209",114.1,114.07,114.1
2022-07-05,90132000,32492000,"ICEU","B2209",114.1,114.05,114.08
2022-07-05,90133000,32493000,"ICEU","B2209",114.09,114.05,114.08
2022-07-05,90134000,32494000,"ICEU","B2209",114.09,114.05,114.08
2022-07-05,90135000,32495000,"ICEU","B2209",114.09,114.05,114.08
2022-07-05,90136000,32496000,"ICEU","B2209",114.09,114.05,114.08
2022-07-05,90137000,32497000,"ICEU","B2209",114.09,114.07,114.09
2022-07-05,90138000,32498000,"ICEU","B2209",114.09,114.08,114.09
2022-07-05,90139000,32499000,"ICEU","B2209",114.1,114.08,114.1
2022-07-05,90140000,32500000,"ICEU","B2209",114.08,114.05,114.09
2022-07-05,90141000,32501000,"ICEU","B2209",114.1,114.08,114.1
2022-07-05,90142000,32502000,"ICEU","B2209",114.08,114.08,114.1
2022-07-05,90143000,32503000,"ICEU","B2209",114.08,114.08,114.1
2022-07-05,90144000,32504000,"ICEU","B2209",114.09,114.09,114.1
2022-07-05,90145000,32505000,"ICEU","B2209",114.09,114.08,114.1
2022-07-05,90146000,32506000,"ICEU","B2209",114.09,114.08,114.1
2022-07-05,90147000,32507000,"ICEU","B2209",114.09,114.08,114.1
2022-07-05,90149000,32509000,"ICEU","B2209",114.09,114.08,114.1
2022-07-05,90150000,32510000,"ICEU","B2209",114.09,114.08,114.1
2022-07-05,90151000,32511000,"ICEU","B2209",114.1,114.08,114.1
2022-07-05,90152000,32512000,"ICEU","B2209",114.1,114.09,114.1
2022-07-05,90153000,32513000,"ICEU","B2209",114.1,114.09,114.1
2022-07-05,90154000,32514000,"ICEU","B2209",114.09,114.08,114.1
2022-07-05,90155000,32515000,"ICEU","B2209",114.16,114.14,114.17
2022-07-05,90156000,32516000,"ICEU","B2209",114.17,114.15,114.17
2022-07-05,90157000,32517000,"ICEU","B2209",114.17,114.15,114.17
2022-07-05,90158000,32518000,"ICEU","B2209",114.18,114.16,114.18
2022-07-05,90159000,32519000,"ICEU","B2209",114.18,114.17,114.19
2022-07-05,90200000,32520000,"ICEU","B2209",114.17,114.17,114.19
2022-07-05,90201000,32521000,"ICEU","B2209",114.19,114.17,114.19
2022-07-05,90202000,32522000,"ICEU","B2209",114.19,114.17,114.19
2022-07-05,90203000,32523000,"ICEU","B2209",114.19,114.19,114.2
2022-07-05,90204000,32524000,"ICEU","B2209",114.19,114.19,114.2
2022-07-05,90205000,32525000,"ICEU","B2209",114.2,114.18,114.2
2022-07-05,90206000,32526000,"ICEU","B2209",114.18,114.18,114.2
2022-07-05,90207000,32527000,"ICEU","B2209",114.19,114.18,114.2
2022-07-05,90208000,32528000,"ICEU","B2209",114.2,114.18,114.21
2022-07-05,90209000,32529000,"ICEU","B2209",114.2,114.18,114.2
2022-07-05,90210000,32530000,"ICEU","B2209",114.2,114.17,114.19
2022-07-05,90211000,32531000,"ICEU","B2209",114.2,114.19,114.21
2022-07-05,90212000,32532000,"ICEU","B2209",114.2,114.19,114.21
2022-07-05,90213000,32533000,"ICEU","B2209",114.21,114.19,114.21
2022-07-05,90214000,32534000,"ICEU","B2209",114.21,114.19,114.21
2022-07-05,90215000,32535000,"ICEU","B2209",114.2,114.19,114.21
2022-07-05,90216000,32536000,"ICEU","B2209",114.19,114.17,114.19
2022-07-05,90217000,32537000,"ICEU","B2209",114.2,114.18,114.22
2022-07-05,90218000,32538000,"ICEU","B2209",114.22,114.21,114.23
2022-07-05,90219000,32539000,"ICEU","B2209",114.22,114.21,114.23
2022-07-05,90220000,32540000,"ICEU","B2209",114.22,114.22,114.24
2022-07-05,90221000,32541000,"ICEU","B2209",114.22,114.23,114.25
2022-07-05,90222000,32542000,"ICEU","B2209",114.22,114.23,114.26
2022-07-05,90223000,32543000,"ICEU","B2209",114.22,114.24,114.26
2022-07-05,90224000,32544000,"ICEU","B2209",114.24,114.22,114.25
2022-07-05,90225000,32545000,"ICEU","B2209",114.22,114.21,114.22
2022-07-05,90226000,32546000,"ICEU","B2209",114.22,114.21,114.22
2022-07-05,90227000,32547000,"ICEU","B2209",114.23,114.21,114.23
2022-07-05,90228000,32548000,"ICEU","B2209",114.23,114.21,114.24
2022-07-05,90229000,32549000,"ICEU","B2209",114.23,114.21,114.24
2022-07-05,90230000,32550000,"ICEU","B2209",114.24,114.24,114.27
2022-07-05,90231000,32551000,"ICEU","B2209",114.24,114.25,114.28
2022-07-05,90232000,32552000,"ICEU","B2209",114.24,114.22,114.25
2022-07-05,90233000,32553000,"ICEU","B2209",114.24,114.21,114.24
2022-07-05,90234000,32554000,"ICEU","B2209",114.24,114.22,114.24
2022-07-05,90235000,32555000,"ICEU","B2209",114.24,114.22,114.25
2022-07-05,90236000,32556000,"ICEU","B2209",114.24,114.22,114.25
2022-07-05,90237000,32557000,"ICEU","B2209",114.22,114.22,114.25
2022-07-05,90238000,32558000,"ICEU","B2209",114.22,114.22,114.25
2022-07-05,90239000,32559000,"ICEU","B2209",114.22,114.23,114.25
2022-07-05,90240000,32560000,"ICEU","B2209",114.24,114.21,114.24
2022-07-05,90241000,32561000,"ICEU","B2209",114.23,114.22,114.25
2022-07-05,90242000,32562000,"ICEU","B2209",114.23,114.22,114.25
2022-07-05,90243000,32563000,"ICEU","B2209",114.23,114.24,114.26
2022-07-05,90244000,32564000,"ICEU","B2209",114.23,114.25,114.26
2022-07-05,90245000,32565000,"ICEU","B2209",114.26,114.26,114.28
2022-07-05,90246000,32566000,"ICEU","B2209",114.27,114.26,114.28
2022-07-05,90247000,32567000,"ICEU","B2209",114.28,114.29,114.3
2022-07-05,90248000,32568000,"ICEU","B2209",114.29,114.28,114.3
2022-07-05,90249000,32569000,"ICEU","B2209",114.29,114.28,114.3
2022-07-05,90250000,32570000,"ICEU","B2209",114.27,114.26,114.28
2022-07-05,90251000,32571000,"ICEU","B2209",114.27,114.26,114.28
2022-07-05,90252000,32572000,"ICEU","B2209",114.26,114.26,114.28
2022-07-05,90253000,32573000,"ICEU","B2209",114.28,114.27,114.3
2022-07-05,90254000,32574000,"ICEU","B2209",114.28,114.27,114.29
2022-07-05,90255000,32575000,"ICEU","B2209",114.27,114.27,114.3
2022-07-05,90256000,32576000,"ICEU","B2209",114.27,114.27,114.3
2022-07-05,90257000,32577000,"ICEU","B2209",114.29,114.28,114.3
2022-07-05,90258000,32578000,"ICEU","B2209",114.29,114.29,114.3
2022-07-05,90259000,32579000,"ICEU","B2209",114.29,114.29,114.3
2022-07-05,90300000,32580000,"ICEU","B2209",114.29,114.29,114.3
2022-07-05,90301000,32581000,"ICEU","B2209",114.3,114.31,114.32
2022-07-05,90302000,32582000,"ICEU","B2209",114.3,114.31,114.32
2022-07-05,90303000,32583000,"ICEU","B2209",114.31,114.28,114.3
2022-07-05,90304000,32584000,"ICEU","B2209",114.3,114.28,114.31
2022-07-05,90305000,32585000,"ICEU","B2209",114.3,114.29,114.32
2022-07-05,90306000,32586000,"ICEU","B2209",114.3,114.3,114.32
2022-07-05,90307000,32587000,"ICEU","B2209",114.3,114.28,114.3
2022-07-05,90308000,32588000,"ICEU","B2209",114.3,114.29,114.31
2022-07-05,90309000,32589000,"ICEU","B2209",114.3,114.27,114.29
2022-07-05,90310000,32590000,"ICEU","B2209",114.28,114.26,114.28
2022-07-05,90311000,32591000,"ICEU","B2209",114.28,114.27,114.29
2022-07-05,90312000,32592000,"ICEU","B2209",114.27,114.26,114.28
2022-07-05,90314000,32594000,"ICEU","B2209",114.27,114.26,114.28
2022-07-05,90315000,32595000,"ICEU","B2209",114.27,114.26,114.28
2022-07-05,90316000,32596000,"ICEU","B2209",114.27,114.26,114.29
2022-07-05,90317000,32597000,"ICEU","B2209",114.26,114.26,114.28
2022-07-05,90319000,32599000,"ICEU","B2209",114.26,114.26,114.28
2022-07-05,90320000,32600000,"ICEU","B2209",114.26,114.26,114.29
2022-07-05,90321000,32601000,"ICEU","B2209",114.27,114.26,114.28
2022-07-05,90322000,32602000,"ICEU","B2209",114.27,114.26,114.28
2022-07-05,90323000,32603000,"ICEU","B2209",114.27,114.24,114.27
2022-07-05,90324000,32604000,"ICEU","B2209",114.27,114.24,114.27
2022-07-05,90325000,32605000,"ICEU","B2209",114.27,114.25,114.28
2022-07-05,90326000,32606000,"ICEU","B2209",114.27,114.24,114.27
2022-07-05,90328000,32608000,"ICEU","B2209",114.27,114.23,114.27
2022-07-05,90329000,32609000,"ICEU","B2209",114.22,114.22,114.25
2022-07-05,90330000,32610000,"ICEU","B2209",114.22,114.22,114.25
2022-07-05,90331000,32611000,"ICEU","B2209",114.22,114.22,114.24
2022-07-05,90332000,32612000,"ICEU","B2209",114.24,114.23,114.26
2022-07-05,90333000,32613000,"ICEU","B2209",114.24,114.24,114.27
2022-07-05,90334000,32614000,"ICEU","B2209",114.24,114.23,114.26
2022-07-05,90335000,32615000,"ICEU","B2209",114.24,114.22,114.24
2022-07-05,90336000,32616000,"ICEU","B2209",114.25,114.24,114.25
2022-07-05,90337000,32617000,"ICEU","B2209",114.26,114.24,114.26
2022-07-05,90338000,32618000,"ICEU","B2209",114.24,114.24,114.27
2022-07-05,90339000,32619000,"ICEU","B2209",114.24,114.24,114.27
2022-07-05,90340000,32620000,"ICEU","B2209",114.24,114.22,114.25
2022-07-05,90341000,32621000,"ICEU","B2209",114.24,114.21,114.23
2022-07-05,90342000,32622000,"ICEU","B2209",114.24,114.21,114.24
2022-07-05,90343000,32623000,"ICEU","B2209",114.24,114.2,114.23
2022-07-05,90344000,32624000,"ICEU","B2209",114.21,114.2,114.22
2022-07-05,90345000,32625000,"ICEU","B2209",114.21,114.2,114.23
2022-07-05,90346000,32626000,"ICEU","B2209",114.21,114.2,114.23
2022-07-05,90347000,32627000,"ICEU","B2209",114.21,114.2,114.22
2022-07-05,90348000,32628000,"ICEU","B2209",114.21,114.2,114.24
2022-07-05,90349000,32629000,"ICEU","B2209",114.21,114.2,114.22
2022-07-05,90350000,32630000,"ICEU","B2209",114.21,114.2,114.23
2022-07-05,90351000,32631000,"ICEU","B2209",114.21,114.2,114.23
2022-07-05,90352000,32632000,"ICEU","B2209",114.21,114.21,114.25
2022-07-05,90353000,32633000,"ICEU","B2209",114.21,114.21,114.24
2022-07-05,90354000,32634000,"ICEU","B2209",114.21,114.2,114.24
2022-07-05,90355000,32635000,"ICEU","B2209",114.21,114.2,114.23
2022-07-05,90356000,32636000,"ICEU","B2209",114.21,114.2,114.23
2022-07-05,90357000,32637000,"ICEU","B2209",114.24,114.22,114.24
2022-07-05,90358000,32638000,"ICEU","B2209",114.24,114.22,114.24
2022-07-05,90400000,32640000,"ICEU","B2209",114.23,114.22,114.24
2022-07-05,90401000,32641000,"ICEU","B2209",114.23,114.21,114.24
2022-07-05,90403000,32643000,"ICEU","B2209",114.23,114.2,114.24
2022-07-05,90404000,32644000,"ICEU","B2209",114.23,114.22,114.24
2022-07-05,90405000,32645000,"ICEU","B2209",114.23,114.21,114.24
2022-07-05,90406000,32646000,"ICEU","B2209",114.22,114.21,114.23
2022-07-05,90407000,32647000,"ICEU","B2209",114.22,114.19,114.22
2022-07-05,90408000,32648000,"ICEU","B2209",114.22,114.18,114.21
2022-07-05,90409000,32649000,"ICEU","B2209",114.22,114.18,114.2
2022-07-05,90410000,32650000,"ICEU","B2209",114.2,114.19,114.21
2022-07-05,90412000,32652000,"ICEU","B2209",114.2,114.18,114.21
2022-07-05,90413000,32653000,"ICEU","B2209",114.2,114.19,114.21
2022-07-05,90414000,32654000,"ICEU","B2209",114.2,114.17,114.2
2022-07-05,90415000,32655000,"ICEU","B2209",114.2,114.17,114.2
2022-07-05,90416000,32656000,"ICEU","B2209",114.13,114.13,114.16
2022-07-05,90417000,32657000,"ICEU","B2209",114.13,114.14,114.17
2022-07-05,90418000,32658000,"ICEU","B2209",114.13,114.15,114.18
2022-07-05,90419000,32659000,"ICEU","B2209",114.13,114.14,114.17
2022-07-05,90420000,32660000,"ICEU","B2209",114.13,114.13,114.16
2022-07-05,90421000,32661000,"ICEU","B2209",114.13,114.11,114.14
2022-07-05,90422000,32662000,"ICEU","B2209",114.15,114.15,114.18
2022-07-05,90423000,32663000,"ICEU","B2209",114.15,114.16,114.18
2022-07-05,90424000,32664000,"ICEU","B2209",114.15,114.14,114.17
2022-07-05,90427000,32667000,"ICEU","B2209",114.15,114.16,114.18
2022-07-05,90428000,32668000,"ICEU","B2209",114.15,114.16,114.18
2022-07-05,90429000,32669000,"ICEU","B2209",114.18,114.19,114.21
2022-07-05,90430000,32670000,"ICEU","B2209",114.17,114.18,114.21
2022-07-05,90431000,32671000,"ICEU","B2209",114.17,114.16,114.2
2022-07-05,90432000,32672000,"ICEU","B2209",114.17,114.14,114.17
2022-07-05,90433000,32673000,"ICEU","B2209",114.17,114.14,114.17
2022-07-05,90434000,32674000,"ICEU","B2209",114.17,114.13,114.17
2022-07-05,90435000,32675000,"ICEU","B2209",114.18,114.17,114.19
2022-07-05,90436000,32676000,"ICEU","B2209",114.2,114.18,114.21
2022-07-05,90437000,32677000,"ICEU","B2209",114.21,114.18,114.21
2022-07-05,90438000,32678000,"ICEU","B2209",114.2,114.18,114.21
2022-07-05,90439000,32679000,"ICEU","B2209",114.21,114.18,114.21
2022-07-05,90440000,32680000,"ICEU","B2209",114.19,114.18,114.21
2022-07-05,90441000,32681000,"ICEU","B2209",114.21,114.2,114.22
2022-07-05,90442000,32682000,"ICEU","B2209",114.22,114.22,114.23
2022-07-05,90443000,32683000,"ICEU","B2209",114.24,114.23,114.25
2022-07-05,90444000,32684000,"ICEU","B2209",114.24,114.23,114.25
2022-07-05,90445000,32685000,"ICEU","B2209",114.24,114.23,114.25
2022-07-05,90446000,32686000,"ICEU","B2209",114.24,114.22,114.25
2022-07-05,90447000,32687000,"ICEU","B2209",114.24,114.22,114.25
2022-07-05,90448000,32688000,"ICEU","B2209",114.24,114.22,114.23
2022-07-05,90449000,32689000,"ICEU","B2209",114.25,114.23,114.26
2022-07-05,90450000,32690000,"ICEU","B2209",114.25,114.23,114.27
2022-07-05,90451000,32691000,"ICEU","B2209",114.25,114.23,114.26
2022-07-05,90452000,32692000,"ICEU","B2209",114.25,114.22,114.24
2022-07-05,90453000,32693000,"ICEU","B2209",114.25,114.22,114.24
2022-07-05,90454000,32694000,"ICEU","B2209",114.24,114.23,114.25
2022-07-05,90455000,32695000,"ICEU","B2209",114.25,114.25,114.27
2022-07-05,90456000,32696000,"ICEU","B2209",114.27,114.26,114.28
2022-07-05,90457000,32697000,"ICEU","B2209",114.27,114.25,114.28
2022-07-05,90458000,32698000,"ICEU","B2209",114.27,114.25,114.28
2022-07-05,90459000,32699000,"ICEU","B2209",114.27,114.25,114.28
2022-07-05,90500000,32700000,"ICEU","B2209",114.27,114.25,114.28
2022-07-05,90501000,32701000,"ICEU","B2209",114.27,114.25,114.28
2022-07-05,90502000,32702000,"ICEU","B2209",114.28,114.27,114.3
2022-07-05,90503000,32703000,"ICEU","B2209",114.31,114.29,114.31
2022-07-05,90504000,32704000,"ICEU","B2209",114.28,114.27,114.3
2022-07-05,90505000,32705000,"ICEU","B2209",114.28,114.27,114.29
2022-07-05,90506000,32706000,"ICEU","B2209",114.28,114.26,114.29
2022-07-05,90507000,32707000,"ICEU","B2209",114.28,114.26,114.29
2022-07-05,90508000,32708000,"ICEU","B2209",114.28,114.27,114.29
2022-07-05,90509000,32709000,"ICEU","B2209",114.28,114.26,114.29
2022-07-05,90510000,32710000,"ICEU","B2209",114.29,114.27,114.29
2022-07-05,90511000,32711000,"ICEU","B2209",114.29,114.27,114.29
2022-07-05,90512000,32712000,"ICEU","B2209",114.29,114.26,114.29
2022-07-05,90514000,32714000,"ICEU","B2209",114.33,114.33,114.35
2022-07-05,90515000,32715000,"ICEU","B2209",114.33,114.33,114.35
2022-07-05,90516000,32716000,"ICEU","B2209",114.35,114.36,114.38
2022-07-05,90517000,32717000,"ICEU","B2209",114.37,114.36,114.38
2022-07-05,90518000,32718000,"ICEU","B2209",114.38,114.38,114.4
2022-07-05,90519000,32719000,"ICEU","B2209",114.38,114.38,114.4
2022-07-05,90520000,32720000,"ICEU","B2209",114.41,114.39,114.41
2022-07-05,90521000,32721000,"ICEU","B2209",114.41,114.4,114.43
2022-07-05,90522000,32722000,"ICEU","B2209",114.41,114.41,114.43
2022-07-05,90523000,32723000,"ICEU","B2209",114.42,114.41,114.44
2022-07-05,90524000,32724000,"ICEU","B2209",114.44,114.43,114.45
2022-07-05,90525000,32725000,"ICEU","B2209",114.42,114.41,114.44
2022-07-05,90526000,32726000,"ICEU","B2209",114.44,114.42,114.45
2022-07-05,90527000,32727000,"ICEU","B2209",114.42,114.41,114.43
2022-07-05,90528000,32728000,"ICEU","B2209",114.41,114.4,114.42
2022-07-05,90529000,32729000,"ICEU","B2209",114.41,114.4,114.42
2022-07-05,90530000,32730000,"ICEU","B2209",114.41,114.4,114.43
2022-07-05,90531000,32731000,"ICEU","B2209",114.42,114.42,114.43
2022-07-05,90532000,32732000,"ICEU","B2209",114.42,114.4,114.41
2022-07-05,90533000,32733000,"ICEU","B2209",114.4,114.38,114.4
2022-07-05,90534000,32734000,"ICEU","B2209",114.4,114.38,114.4
2022-07-05,90535000,32735000,"ICEU","B2209",114.41,114.4,114.42
2022-07-05,90536000,32736000,"ICEU","B2209",114.41,114.4,114.42
2022-07-05,90537000,32737000,"ICEU","B2209",114.42,114.41,114.43
2022-07-05,90538000,32738000,"ICEU","B2209",114.42,114.41,114.43
2022-07-05,90539000,32739000,"ICEU","B2209",114.42,114.41,114.43
2022-07-05,90540000,32740000,"ICEU","B2209",114.38,114.36,114.38
2022-07-05,90541000,32741000,"ICEU","B2209",114.36,114.35,114.38
2022-07-05,90542000,32742000,"ICEU","B2209",114.35,114.35,114.37
2022-07-05,90543000,32743000,"ICEU","B2209",114.35,114.35,114.37
2022-07-05,90544000,32744000,"ICEU","B2209",114.35,114.35,114.37
2022-07-05,90545000,32745000,"ICEU","B2209",114.35,114.35,114.37
2022-07-05,90546000,32746000,"ICEU","B2209",114.34,114.31,114.34
2022-07-05,90547000,32747000,"ICEU","B2209",114.34,114.31,114.34
2022-07-05,90548000,32748000,"ICEU","B2209",114.34,114.31,114.34
2022-07-05,90549000,32749000,"ICEU","B2209",114.32,114.31,114.34
2022-07-05,90550000,32750000,"ICEU","B2209",114.32,114.31,114.34
2022-07-05,90551000,32751000,"ICEU","B2209",114.32,114.31,114.34
2022-07-05,90552000,32752000,"ICEU","B2209",114.32,114.31,114.34
2022-07-05,90553000,32753000,"ICEU","B2209",114.32,114.32,114.34
2022-07-05,90554000,32754000,"ICEU","B2209",114.32,114.31,114.34
2022-07-05,90555000,32755000,"ICEU","B2209",114.32,114.31,114.33
2022-07-05,90556000,32756000,"ICEU","B2209",114.33,114.31,114.32
2022-07-05,90557000,32757000,"ICEU","B2209",114.35,114.31,114.34
2022-07-05,90558000,32758000,"ICEU","B2209",114.35,114.33,114.36
2022-07-05,90559000,32759000,"ICEU","B2209",114.35,114.33,114.36
2022-07-05,90600000,32760000,"ICEU","B2209",114.35,114.33,114.36
2022-07-05,90601000,32761000,"ICEU","B2209",114.33,114.32,114.33
2022-07-05,90602000,32762000,"ICEU","B2209",114.34,114.32,114.35
2022-07-05,90603000,32763000,"ICEU","B2209",114.34,114.31,114.34
2022-07-05,90604000,32764000,"ICEU","B2209",114.34,114.32,114.34
2022-07-05,90605000,32765000,"ICEU","B2209",114.35,114.34,114.35
2022-07-05,90606000,32766000,"ICEU","B2209",114.35,114.34,114.36
2022-07-05,90607000,32767000,"ICEU","B2209",114.34,114.33,114.37
2022-07-05,90608000,32768000,"ICEU","B2209",114.34,114.33,114.36
2022-07-05,90609000,32769000,"ICEU","B2209",114.33,114.31,114.32
2022-07-05,90610000,32770000,"ICEU","B2209",114.32,114.31,114.34
2022-07-05,90611000,32771000,"ICEU","B2209",114.32,114.31,114.34
2022-07-05,90612000,32772000,"ICEU","B2209",114.33,114.31,114.34
2022-07-05,90613000,32773000,"ICEU","B2209",114.34,114.31,114.34
2022-07-05,90614000,32774000,"ICEU","B2209",114.34,114.32,114.35
2022-07-05,90616000,32776000,"ICEU","B2209",114.34,114.32,114.35
2022-07-05,90618000,32778000,"ICEU","B2209",114.34,114.32,114.35
2022-07-05,90619000,32779000,"ICEU","B2209",114.34,114.32,114.35
2022-07-05,90620000,32780000,"ICEU","B2209",114.34,114.33,114.36
2022-07-05,90621000,32781000,"ICEU","B2209",114.34,114.33,114.36
2022-07-05,90622000,32782000,"ICEU","B2209",114.34,114.33,114.36
2022-07-05,90623000,32783000,"ICEU","B2209",114.34,114.32,114.35
2022-07-05,90624000,32784000,"ICEU","B2209",114.34,114.35,114.36
2022-07-05,90625000,32785000,"ICEU","B2209",114.35,114.33,114.35
2022-07-05,90626000,32786000,"ICEU","B2209",114.35,114.32,114.35
2022-07-05,90627000,32787000,"ICEU","B2209",114.35,114.31,114.34
2022-07-05,90628000,32788000,"ICEU","B2209",114.35,114.31,114.34
2022-07-05,90629000,32789000,"ICEU","B2209",114.35,114.31,114.33
2022-07-05,90630000,32790000,"ICEU","B2209",114.35,114.31,114.34
2022-07-05,90631000,32791000,"ICEU","B2209",114.35,114.32,114.34
2022-07-05,90632000,32792000,"ICEU","B2209",114.35,114.31,114.34
2022-07-05,90633000,32793000,"ICEU","B2209",114.34,114.33,114.35
2022-07-05,90634000,32794000,"ICEU","B2209",114.34,114.32,114.35
2022-07-05,90635000,32795000,"ICEU","B2209",114.34,114.33,114.35
2022-07-05,90636000,32796000,"ICEU","B2209",114.34,114.34,114.36
2022-07-05,90637000,32797000,"ICEU","B2209",114.34,114.34,114.36
2022-07-05,90638000,32798000,"ICEU","B2209",114.34,114.32,114.36
2022-07-05,90639000,32799000,"ICEU","B2209",114.34,114.31,114.35
2022-07-05,90640000,32800000,"ICEU","B2209",114.34,114.31,114.34
2022-07-05,90641000,32801000,"ICEU","B2209",114.34,114.32,114.35
2022-07-05,90642000,32802000,"ICEU","B2209",114.34,114.32,114.35
2022-07-05,90643000,32803000,"ICEU","B2209",114.34,114.32,114.35
2022-07-05,90644000,32804000,"ICEU","B2209",114.34,114.31,114.35
2022-07-05,90645000,32805000,"ICEU","B2209",114.34,114.31,114.34
2022-07-05,90646000,32806000,"ICEU","B2209",114.34,114.3,114.33
2022-07-05,90647000,32807000,"ICEU","B2209",114.34,114.3,114.33
2022-07-05,90648000,32808000,"ICEU","B2209",114.34,114.3,114.33
2022-07-05,90650000,32810000,"ICEU","B2209",114.34,114.3,114.33
2022-07-05,90651000,32811000,"ICEU","B2209",114.34,114.3,114.33
2022-07-05,90653000,32813000,"ICEU","B2209",114.34,114.3,114.33
2022-07-05,90654000,32814000,"ICEU","B2209",114.34,114.3,114.34
2022-07-05,90655000,32815000,"ICEU","B2209",114.35,114.3,114.33
2022-07-05,90656000,32816000,"ICEU","B2209",114.35,114.3,114.33
2022-07-05,90657000,32817000,"ICEU","B2209",114.34,114.31,114.34
2022-07-05,90658000,32818000,"ICEU","B2209",114.34,114.31,114.34
2022-07-05,90659000,32819000,"ICEU","B2209",114.34,114.3,114.33
2022-07-05,90701000,32821000,"ICEU","B2209",114.34,114.3,114.32
2022-07-05,90702000,32822000,"ICEU","B2209",114.34,114.3,114.32
2022-07-05,90703000,32823000,"ICEU","B2209",114.34,114.3,114.32
2022-07-05,90704000,32824000,"ICEU","B2209",114.34,114.29,114.32
2022-07-05,90705000,32825000,"ICEU","B2209",114.33,114.31,114.33
2022-07-05,90706000,32826000,"ICEU","B2209",114.3,114.29,114.32
2022-07-05,90707000,32827000,"ICEU","B2209",114.3,114.28,114.31
2022-07-05,90708000,32828000,"ICEU","B2209",114.3,114.27,114.3
2022-07-05,90709000,32829000,"ICEU","B2209",114.3,114.27,114.3
2022-07-05,90710000,32830000,"ICEU","B2209",114.3,114.27,114.3
2022-07-05,90711000,32831000,"ICEU","B2209",114.3,114.29,114.31
2022-07-05,90712000,32832000,"ICEU","B2209",114.3,114.29,114.31
2022-07-05,90713000,32833000,"ICEU","B2209",114.34,114.33,114.35
2022-07-05,90714000,32834000,"ICEU","B2209",114.34,114.34,114.37
2022-07-05,90715000,32835000,"ICEU","B2209",114.34,114.34,114.37
2022-07-05,90716000,32836000,"ICEU","B2209",114.34,114.33,114.36
2022-07-05,90717000,32837000,"ICEU","B2209",114.34,114.33,114.36
2022-07-05,90718000,32838000,"ICEU","B2209",114.34,114.34,114.36
2022-07-05,90719000,32839000,"ICEU","B2209",114.34,114.33,114.36
2022-07-05,90720000,32840000,"ICEU","B2209",114.35,114.34,114.37
2022-07-05,90721000,32841000,"ICEU","B2209",114.35,114.34,114.37
2022-07-05,90722000,32842000,"ICEU","B2209",114.4,114.38,114.41
2022-07-05,90723000,32843000,"ICEU","B2209",114.4,114.38,114.41
2022-07-05,90724000,32844000,"ICEU","B2209",114.4,114.38,114.41
2022-07-05,90725000,32845000,"ICEU","B2209",114.4,114.4,114.43
2022-07-05,90726000,32846000,"ICEU","B2209",114.4,114.4,114.43
2022-07-05,90727000,32847000,"ICEU","B2209",114.4,114.4,114.43
2022-07-05,90728000,32848000,"ICEU","B2209",114.4,114.36,114.39
2022-07-05,90729000,32849000,"ICEU","B2209",114.4,114.37,114.39
2022-07-05,90730000,32850000,"ICEU","B2209",114.4,114.36,114.39
2022-07-05,90731000,32851000,"ICEU","B2209",114.4,114.37,114.39
2022-07-05,90732000,32852000,"ICEU","B2209",114.4,114.36,114.38
2022-07-05,90733000,32853000,"ICEU","B2209",114.36,114.35,114.38
2022-07-05,90734000,32854000,"ICEU","B2209",114.36,114.35,114.38
2022-07-05,90735000,32855000,"ICEU","B2209",114.39,114.37,114.4
2022-07-05,90737000,32857000,"ICEU","B2209",114.39,114.37,114.4
2022-07-05,90738000,32858000,"ICEU","B2209",114.39,114.37,114.4
2022-07-05,90739000,32859000,"ICEU","B2209",114.39,114.37,114.4
2022-07-05,90740000,32860000,"ICEU","B2209",114.39,114.37,114.4
2022-07-05,90741000,32861000,"ICEU","B2209",114.39,114.36,114.37
2022-07-05,90742000,32862000,"ICEU","B2209",114.4,114.35,114.38
2022-07-05,90743000,32863000,"ICEU","B2209",114.4,114.34,114.37
2022-07-05,90744000,32864000,"ICEU","B2209",114.4,114.34,114.35
2022-07-05,90745000,32865000,"ICEU","B2209",114.35,114.34,114.38
2022-07-05,90746000,32866000,"ICEU","B2209",114.35,114.33,114.36
2022-07-05,90747000,32867000,"ICEU","B2209",114.34,114.32,114.35
2022-07-05,90748000,32868000,"ICEU","B2209",114.34,114.32,114.35
2022-07-05,90749000,32869000,"ICEU","B2209",114.34,114.32,114.35
2022-07-05,90750000,32870000,"ICEU","B2209",114.34,114.31,114.34
2022-07-05,90752000,32872000,"ICEU","B2209",114.34,114.32,114.34
2022-07-05,90753000,32873000,"ICEU","B2209",114.34,114.32,114.35
2022-07-05,90754000,32874000,"ICEU","B2209",114.37,114.34,114.37
2022-07-05,90755000,32875000,"ICEU","B2209",114.37,114.33,114.37
2022-07-05,90756000,32876000,"ICEU","B2209",114.37,114.32,114.35
2022-07-05,90757000,32877000,"ICEU","B2209",114.37,114.32,114.35
2022-07-05,90758000,32878000,"ICEU","B2209",114.37,114.31,114.34
2022-07-05,90759000,32879000,"ICEU","B2209",114.37,114.31,114.34
2022-07-05,90800000,32880000,"ICEU","B2209",114.37,114.31,114.34
2022-07-05,90801000,32881000,"ICEU","B2209",114.37,114.31,114.33
2022-07-05,90802000,32882000,"ICEU","B2209",114.37,114.31,114.33
2022-07-05,90803000,32883000,"ICEU","B2209",114.37,114.3,114.33
2022-07-05,90804000,32884000,"ICEU","B2209",114.37,114.31,114.33
2022-07-05,90805000,32885000,"ICEU","B2209",114.34,114.33,114.35
2022-07-05,90806000,32886000,"ICEU","B2209",114.34,114.33,114.35
2022-07-05,90807000,32887000,"ICEU","B2209",114.34,114.33,114.35
2022-07-05,90808000,32888000,"ICEU","B2209",114.34,114.32,114.35
2022-07-05,90809000,32889000,"ICEU","B2209",114.34,114.31,114.35
2022-07-05,90810000,32890000,"ICEU","B2209",114.34,114.31,114.32
2022-07-05,90811000,32891000,"ICEU","B2209",114.31,114.29,114.32
2022-07-05,90812000,32892000,"ICEU","B2209",114.31,114.3,114.32
2022-07-05,90813000,32893000,"ICEU","B2209",114.29,114.29,114.32
2022-07-05,90814000,32894000,"ICEU","B2209",114.29,114.3,114.33
2022-07-05,90815000,32895000,"ICEU","B2209",114.29,114.3,114.34
2022-07-05,90816000,32896000,"ICEU","B2209",114.26,114.26,114.29
2022-07-05,90817000,32897000,"ICEU","B2209",114.29,114.28,114.3
2022-07-05,90818000,32898000,"ICEU","B2209",114.29,114.28,114.32
2022-07-05,90819000,32899000,"ICEU","B2209",114.29,114.28,114.32
2022-07-05,90820000,32900000,"ICEU","B2209",114.29,114.29,114.32
2022-07-05,90821000,32901000,"ICEU","B2209",114.29,114.29,114.33
2022-07-05,90822000,32902000,"ICEU","B2209",114.29,114.3,114.33
2022-07-05,90823000,32903000,"ICEU","B2209",114.26,114.25,114.28
2022-07-05,90824000,32904000,"ICEU","B2209",114.28,114.25,114.28
2022-07-05,90825000,32905000,"ICEU","B2209",114.29,114.27,114.3
2022-07-05,90826000,32906000,"ICEU","B2209",114.29,114.26,114.29
2022-07-05,90827000,32907000,"ICEU","B2209",114.29,114.26,114.29
2022-07-05,90828000,32908000,"ICEU","B2209",114.29,114.26,114.29
2022-07-05,90829000,32909000,"ICEU","B2209",114.29,114.26,114.29
2022-07-05,90830000,32910000,"ICEU","B2209",114.29,114.26,114.29
2022-07-05,90831000,32911000,"ICEU","B2209",114.25,114.25,114.28
2022-07-05,90832000,32912000,"ICEU","B2209",114.25,114.25,114.28
2022-07-05,90833000,32913000,"ICEU","B2209",114.25,114.25,114.28
2022-07-05,90834000,32914000,"ICEU","B2209",114.25,114.25,114.28
2022-07-05,90835000,32915000,"ICEU","B2209",114.24,114.23,114.26
2022-07-05,90836000,32916000,"ICEU","B2209",114.24,114.23,114.25
2022-07-05,90837000,32917000,"ICEU","B2209",114.22,114.2,114.23
2022-07-05,90838000,32918000,"ICEU","B2209",114.23,114.22,114.24
2022-07-05,90839000,32919000,"ICEU","B2209",114.23,114.22,114.24
2022-07-05,90841000,32921000,"ICEU","B2209",114.23,114.22,114.24
2022-07-05,90842000,32922000,"ICEU","B2209",114.23,114.21,114.24
2022-07-05,90843000,32923000,"ICEU","B2209",114.21,114.2,114.23
2022-07-05,90844000,32924000,"ICEU","B2209",114.21,114.21,114.23
2022-07-05,90845000,32925000,"ICEU","B2209",114.21,114.2,114.23
2022-07-05,90846000,32926000,"ICEU","B2209",114.2,114.2,114.21
2022-07-05,90847000,32927000,"ICEU","B2209",114.23,114.18,114.22
2022-07-05,90848000,32928000,"ICEU","B2209",114.23,114.2,114.23
2022-07-05,90849000,32929000,"ICEU","B2209",114.23,114.2,114.24
2022-07-05,90850000,32930000,"ICEU","B2209",114.23,114.2,114.23
2022-07-05,90851000,32931000,"ICEU","B2209",114.23,114.2,114.23
2022-07-05,90852000,32932000,"ICEU","B2209",114.23,114.19,114.22
2022-07-05,90853000,32933000,"ICEU","B2209",114.21,114.2,114.23
2022-07-05,90858000,32938000,"ICEU","B2209",114.21,114.2,114.23
2022-07-05,90859000,32939000,"ICEU","B2209",114.21,114.2,114.23
2022-07-05,90900000,32940000,"ICEU","B2209",114.19,114.17,114.2
2022-07-05,90901000,32941000,"ICEU","B2209",114.19,114.17,114.21
2022-07-05,90902000,32942000,"ICEU","B2209",114.19,114.19,114.21
2022-07-05,90903000,32943000,"ICEU","B2209",114.21,114.19,114.22
2022-07-05,90904000,32944000,"ICEU","B2209",114.21,114.19,114.22
2022-07-05,90905000,32945000,"ICEU","B2209",114.21,114.19,114.22
2022-07-05,90906000,32946000,"ICEU","B2209",114.21,114.2,114.23
2022-07-05,90907000,32947000,"ICEU","B2209",114.19,114.18,114.21
2022-07-05,90908000,32948000,"ICEU","B2209",114.19,114.18,114.21
2022-07-05,90909000,32949000,"ICEU","B2209",114.19,114.19,114.22
2022-07-05,90910000,32950000,"ICEU","B2209",114.19,114.17,114.21
2022-07-05,90911000,32951000,"ICEU","B2209",114.19,114.17,114.21
2022-07-05,90912000,32952000,"ICEU","B2209",114.19,114.17,114.2
2022-07-05,90913000,32953000,"ICEU","B2209",114.19,114.18,114.2
2022-07-05,90914000,32954000,"ICEU","B2209",114.19,114.17,114.2
2022-07-05,90915000,32955000,"ICEU","B2209",114.19,114.16,114.19
2022-07-05,90916000,32956000,"ICEU","B2209",114.19,114.16,114.19
2022-07-05,90917000,32957000,"ICEU","B2209",114.19,114.16,114.19
2022-07-05,90918000,32958000,"ICEU","B2209",114.19,114.15,114.18
2022-07-05,90919000,32959000,"ICEU","B2209",114.19,114.15,114.18
2022-07-05,90920000,32960000,"ICEU","B2209",114.19,114.15,114.18
2022-07-05,90921000,32961000,"ICEU","B2209",114.19,114.15,114.18
2022-07-05,90922000,32962000,"ICEU","B2209",114.19,114.15,114.18
2022-07-05,90923000,32963000,"ICEU","B2209",114.18,114.17,114.2
2022-07-05,90924000,32964000,"ICEU","B2209",114.18,114.16,114.2
2022-07-05,90925000,32965000,"ICEU","B2209",114.16,114.16,114.18
2022-07-05,90926000,32966000,"ICEU","B2209",114.16,114.16,114.19
2022-07-05,90927000,32967000,"ICEU","B2209",114.16,114.18,114.21
2022-07-05,90928000,32968000,"ICEU","B2209",114.21,114.19,114.21
2022-07-05,90930000,32970000,"ICEU","B2209",114.21,114.2,114.21
2022-07-05,90931000,32971000,"ICEU","B2209",114.22,114.2,114.22
2022-07-05,90932000,32972000,"ICEU","B2209",114.22,114.2,114.22
2022-07-05,90933000,32973000,"ICEU","B2209",114.22,114.2,114.22
2022-07-05,90934000,32974000,"ICEU","B2209",114.22,114.21,114.24
2022-07-05,90935000,32975000,"ICEU","B2209",114.22,114.19,114.22
2022-07-05,90936000,32976000,"ICEU","B2209",114.22,114.21,114.24
2022-07-05,90937000,32977000,"ICEU","B2209",114.22,114.21,114.24
2022-07-05,90938000,32978000,"ICEU","B2209",114.22,114.22,114.24
2022-07-05,90939000,32979000,"ICEU","B2209",114.24,114.23,114.25
2022-07-05,90940000,32980000,"ICEU","B2209",114.24,114.24,114.25
2022-07-05,90941000,32981000,"ICEU","B2209",114.24,114.22,114.25
2022-07-05,90942000,32982000,"ICEU","B2209",114.25,114.23,114.27
2022-07-05,90943000,32983000,"ICEU","B2209",114.25,114.24,114.27
2022-07-05,90944000,32984000,"ICEU","B2209",114.24,114.25,114.27
2022-07-05,90945000,32985000,"ICEU","B2209",114.24,114.24,114.27
2022-07-05,90946000,32986000,"ICEU","B2209",114.24,114.23,114.27
2022-07-05,90947000,32987000,"ICEU","B2209",114.24,114.22,114.26
2022-07-05,90948000,32988000,"ICEU","B2209",114.24,114.23,114.26
2022-07-05,90949000,32989000,"ICEU","B2209",114.24,114.23,114.27
2022-07-05,90950000,32990000,"ICEU","B2209",114.24,114.22,114.26
2022-07-05,90951000,32991000,"ICEU","B2209",114.24,114.24,114.27
2022-07-05,90952000,32992000,"ICEU","B2209",114.24,114.26,114.29
2022-07-05,90953000,32993000,"ICEU","B2209",114.24,114.27,114.3
2022-07-05,90954000,32994000,"ICEU","B2209",114.24,114.27,114.3
2022-07-05,90955000,32995000,"ICEU","B2209",114.24,114.28,114.31
2022-07-05,90956000,32996000,"ICEU","B2209",114.24,114.28,114.31
2022-07-05,90957000,32997000,"ICEU","B2209",114.24,114.27,114.3
2022-07-05,90959000,32999000,"ICEU","B2209",114.31,114.3,114.33
2022-07-05,9.1e+07,33000000,"ICEU","B2209",114.31,114.31,114.34
2022-07-05,91001000,33001000,"ICEU","B2209",114.31,114.3,114.33
2022-07-05,91002000,33002000,"ICEU","B2209",114.31,114.3,114.33
2022-07-05,91003000,33003000,"ICEU","B2209",114.31,114.3,114.33
2022-07-05,91004000,33004000,"ICEU","B2209",114.31,114.31,114.33
2022-07-05,91005000,33005000,"ICEU","B2209",114.33,114.31,114.34
2022-07-05,91006000,33006000,"ICEU","B2209",114.31,114.29,114.32
2022-07-05,91007000,33007000,"ICEU","B2209",114.31,114.27,114.3
2022-07-05,91008000,33008000,"ICEU","B2209",114.31,114.27,114.3
2022-07-05,91009000,33009000,"ICEU","B2209",114.26,114.26,114.29
2022-07-05,91010000,33010000,"ICEU","B2209",114.26,114.27,114.29
2022-07-05,91011000,33011000,"ICEU","B2209",114.29,114.28,114.31
2022-07-05,91013000,33013000,"ICEU","B2209",114.29,114.27,114.3
2022-07-05,91014000,33014000,"ICEU","B2209",114.29,114.26,114.29
2022-07-05,91015000,33015000,"ICEU","B2209",114.29,114.26,114.29
2022-07-05,91016000,33016000,"ICEU","B2209",114.29,114.26,114.29
2022-07-05,91017000,33017000,"ICEU","B2209",114.29,114.24,114.27
2022-07-05,91018000,33018000,"ICEU","B2209",114.29,114.23,114.26
2022-07-05,91019000,33019000,"ICEU","B2209",114.29,114.23,114.26
2022-07-05,91020000,33020000,"ICEU","B2209",114.29,114.23,114.25
2022-07-05,91021000,33021000,"ICEU","B2209",114.29,114.22,114.25
2022-07-05,91022000,33022000,"ICEU","B2209",114.28,114.26,114.29
2022-07-05,91023000,33023000,"ICEU","B2209",114.28,114.26,114.29
2022-07-05,91024000,33024000,"ICEU","B2209",114.28,114.27,114.29
2022-07-05,91025000,33025000,"ICEU","B2209",114.28,114.26,114.29
2022-07-05,91026000,33026000,"ICEU","B2209",114.28,114.27,114.29
2022-07-05,91027000,33027000,"ICEU","B2209",114.32,114.3,114.32
2022-07-05,91028000,33028000,"ICEU","B2209",114.32,114.3,114.32
2022-07-05,91029000,33029000,"ICEU","B2209",114.32,114.31,114.32
2022-07-05,91030000,33030000,"ICEU","B2209",114.32,114.32,114.35
2022-07-05,91031000,33031000,"ICEU","B2209",114.32,114.32,114.35
2022-07-05,91032000,33032000,"ICEU","B2209",114.32,114.32,114.35
2022-07-05,91033000,33033000,"ICEU","B2209",114.35,114.34,114.37
2022-07-05,91034000,33034000,"ICEU","B2209",114.35,114.34,114.38
2022-07-05,91035000,33035000,"ICEU","B2209",114.35,114.35,114.38
2022-07-05,91036000,33036000,"ICEU","B2209",114.35,114.35,114.38
2022-07-05,91037000,33037000,"ICEU","B2209",114.35,114.35,114.38
2022-07-05,91038000,33038000,"ICEU","B2209",114.35,114.35,114.38
2022-07-05,91039000,33039000,"ICEU","B2209",114.35,114.36,114.4
2022-07-05,91040000,33040000,"ICEU","B2209",114.35,114.37,114.4
2022-07-05,91041000,33041000,"ICEU","B2209",114.35,114.37,114.4
2022-07-05,91042000,33042000,"ICEU","B2209",114.35,114.37,114.4
2022-07-05,91043000,33043000,"ICEU","B2209",114.35,114.37,114.41
2022-07-05,91044000,33044000,"ICEU","B2209",114.35,114.39,114.42
2022-07-05,91045000,33045000,"ICEU","B2209",114.35,114.39,114.42
2022-07-05,91046000,33046000,"ICEU","B2209",114.39,114.37,114.4
2022-07-05,91047000,33047000,"ICEU","B2209",114.39,114.37,114.4
2022-07-05,91048000,33048000,"ICEU","B2209",114.39,114.37,114.39
2022-07-05,91049000,33049000,"ICEU","B2209",114.37,114.36,114.39
2022-07-05,91050000,33050000,"ICEU","B2209",114.37,114.36,114.39
2022-07-05,91051000,33051000,"ICEU","B2209",114.37,114.36,114.38
2022-07-05,91052000,33052000,"ICEU","B2209",114.36,114.35,114.38
2022-07-05,91053000,33053000,"ICEU","B2209",114.36,114.33,114.36
2022-07-05,91054000,33054000,"ICEU","B2209",114.36,114.34,114.37
2022-07-05,91055000,33055000,"ICEU","B2209",114.36,114.33,114.36
2022-07-05,91056000,33056000,"ICEU","B2209",114.36,114.33,114.36
2022-07-05,91057000,33057000,"ICEU","B2209",114.36,114.33,114.36
2022-07-05,91058000,33058000,"ICEU","B2209",114.36,114.32,114.35
2022-07-05,91059000,33059000,"ICEU","B2209",114.36,114.32,114.35
2022-07-05,91100000,33060000,"ICEU","B2209",114.36,114.32,114.36
2022-07-05,91101000,33061000,"ICEU","B2209",114.36,114.31,114.34
2022-07-05,91102000,33062000,"ICEU","B2209",114.3,114.29,114.32
2022-07-05,91103000,33063000,"ICEU","B2209",114.3,114.3,114.32
2022-07-05,91104000,33064000,"ICEU","B2209",114.3,114.29,114.32
2022-07-05,91106000,33066000,"ICEU","B2209",114.3,114.3,114.32
2022-07-05,91107000,33067000,"ICEU","B2209",114.3,114.29,114.32
2022-07-05,91108000,33068000,"ICEU","B2209",114.3,114.29,114.32
2022-07-05,91111000,33071000,"ICEU","B2209",114.29,114.25,114.28
2022-07-05,91112000,33072000,"ICEU","B2209",114.29,114.24,114.26
2022-07-05,91113000,33073000,"ICEU","B2209",114.28,114.27,114.3
2022-07-05,91114000,33074000,"ICEU","B2209",114.28,114.27,114.3
2022-07-05,91115000,33075000,"ICEU","B2209",114.28,114.27,114.28
2022-07-05,91116000,33076000,"ICEU","B2209",114.3,114.27,114.3
2022-07-05,91117000,33077000,"ICEU","B2209",114.3,114.27,114.3
2022-07-05,91118000,33078000,"ICEU","B2209",114.3,114.26,114.3
2022-07-05,91119000,33079000,"ICEU","B2209",114.3,114.26,114.3
2022-07-05,91120000,33080000,"ICEU","B2209",114.3,114.28,114.3
2022-07-05,91121000,33081000,"ICEU","B2209",114.3,114.27,114.3
2022-07-05,91122000,33082000,"ICEU","B2209",114.3,114.27,114.31
2022-07-05,91123000,33083000,"ICEU","B2209",114.3,114.28,114.31
2022-07-05,91125000,33085000,"ICEU","B2209",114.3,114.28,114.31
2022-07-05,91126000,33086000,"ICEU","B2209",114.3,114.26,114.29
2022-07-05,91127000,33087000,"ICEU","B2209",114.3,114.25,114.28
2022-07-05,91128000,33088000,"ICEU","B2209",114.3,114.25,114.28
2022-07-05,91129000,33089000,"ICEU","B2209",114.3,114.26,114.29
2022-07-05,91130000,33090000,"ICEU","B2209",114.3,114.26,114.29
2022-07-05,91131000,33091000,"ICEU","B2209",114.27,114.26,114.29
2022-07-05,91132000,33092000,"ICEU","B2209",114.27,114.26,114.29
2022-07-05,91133000,33093000,"ICEU","B2209",114.27,114.26,114.29
2022-07-05,91134000,33094000,"ICEU","B2209",114.27,114.25,114.28
2022-07-05,91135000,33095000,"ICEU","B2209",114.27,114.25,114.28
2022-07-05,91136000,33096000,"ICEU","B2209",114.27,114.25,114.28
2022-07-05,91137000,33097000,"ICEU","B2209",114.27,114.25,114.28
2022-07-05,91138000,33098000,"ICEU","B2209",114.27,114.25,114.28
2022-07-05,91139000,33099000,"ICEU","B2209",114.27,114.24,114.28
2022-07-05,91140000,33100000,"ICEU","B2209",114.27,114.25,114.28
2022-07-05,91141000,33101000,"ICEU","B2209",114.27,114.25,114.28
2022-07-05,91142000,33102000,"ICEU","B2209",114.27,114.24,114.28
2022-07-05,91143000,33103000,"ICEU","B2209",114.27,114.26,114.29
2022-07-05,91144000,33104000,"ICEU","B2209",114.3,114.24,114.27
2022-07-05,91145000,33105000,"ICEU","B2209",114.3,114.24,114.28
2022-07-05,91146000,33106000,"ICEU","B2209",114.3,114.23,114.26
2022-07-05,91147000,33107000,"ICEU","B2209",114.3,114.24,114.27
2022-07-05,91148000,33108000,"ICEU","B2209",114.3,114.24,114.27
2022-07-05,91150000,33110000,"ICEU","B2209",114.3,114.23,114.27
2022-07-05,91151000,33111000,"ICEU","B2209",114.3,114.24,114.27
2022-07-05,91152000,33112000,"ICEU","B2209",114.3,114.23,114.27
2022-07-05,91153000,33113000,"ICEU","B2209",114.3,114.24,114.28
2022-07-05,91154000,33114000,"ICEU","B2209",114.3,114.24,114.28
2022-07-05,91156000,33116000,"ICEU","B2209",114.3,114.24,114.27
2022-07-05,91157000,33117000,"ICEU","B2209",114.27,114.25,114.28
2022-07-05,91200000,33120000,"ICEU","B2209",114.27,114.24,114.28
2022-07-05,91201000,33121000,"ICEU","B2209",114.27,114.24,114.27
2022-07-05,91202000,33122000,"ICEU","B2209",114.27,114.24,114.27
2022-07-05,91203000,33123000,"ICEU","B2209",114.27,114.22,114.26
2022-07-05,91204000,33124000,"ICEU","B2209",114.27,114.22,114.26
2022-07-05,91206000,33126000,"ICEU","B2209",114.27,114.21,114.24
2022-07-05,91207000,33127000,"ICEU","B2209",114.27,114.2,114.24
2022-07-05,91208000,33128000,"ICEU","B2209",114.27,114.2,114.24
2022-07-05,91209000,33129000,"ICEU","B2209",114.24,114.22,114.25
2022-07-05,91210000,33130000,"ICEU","B2209",114.24,114.2,114.23
2022-07-05,91212000,33132000,"ICEU","B2209",114.22,114.21,114.23
2022-07-05,91213000,33133000,"ICEU","B2209",114.22,114.21,114.23
2022-07-05,91214000,33134000,"ICEU","B2209",114.23,114.23,114.24
2022-07-05,91215000,33135000,"ICEU","B2209",114.23,114.23,114.24
2022-07-05,91216000,33136000,"ICEU","B2209",114.23,114.23,114.24
2022-07-05,91217000,33137000,"ICEU","B2209",114.23,114.2,114.23
2022-07-05,91218000,33138000,"ICEU","B2209",114.23,114.2,114.22
2022-07-05,91219000,33139000,"ICEU","B2209",114.23,114.19,114.22
2022-07-05,91220000,33140000,"ICEU","B2209",114.23,114.19,114.22
2022-07-05,91222000,33142000,"ICEU","B2209",114.23,114.2,114.22
2022-07-05,91223000,33143000,"ICEU","B2209",114.24,114.22,114.25
2022-07-05,91224000,33144000,"ICEU","B2209",114.24,114.22,114.25
2022-07-05,91225000,33145000,"ICEU","B2209",114.24,114.22,114.26
2022-07-05,91226000,33146000,"ICEU","B2209",114.24,114.21,114.25
2022-07-05,91227000,33147000,"ICEU","B2209",114.24,114.21,114.25
2022-07-05,91228000,33148000,"ICEU","B2209",114.24,114.21,114.25
2022-07-05,91229000,33149000,"ICEU","B2209",114.24,114.21,114.26
2022-07-05,91230000,33150000,"ICEU","B2209",114.25,114.24,114.26
2022-07-05,91231000,33151000,"ICEU","B2209",114.25,114.24,114.27
2022-07-05,91232000,33152000,"ICEU","B2209",114.25,114.24,114.27
2022-07-05,91233000,33153000,"ICEU","B2209",114.25,114.25,114.28
2022-07-05,91234000,33154000,"ICEU","B2209",114.25,114.24,114.28
2022-07-05,91235000,33155000,"ICEU","B2209",114.25,114.25,114.28
2022-07-05,91236000,33156000,"ICEU","B2209",114.25,114.25,114.28
2022-07-05,91237000,33157000,"ICEU","B2209",114.28,114.27,114.3
2022-07-05,91240000,33160000,"ICEU","B2209",114.28,114.27,114.3
2022-07-05,91241000,33161000,"ICEU","B2209",114.28,114.27,114.3
2022-07-05,91242000,33162000,"ICEU","B2209",114.28,114.26,114.3
2022-07-05,91243000,33163000,"ICEU","B2209",114.28,114.27,114.3
2022-07-05,91244000,33164000,"ICEU","B2209",114.28,114.27,114.3
2022-07-05,91245000,33165000,"ICEU","B2209",114.28,114.26,114.3
2022-07-05,91246000,33166000,"ICEU","B2209",114.28,114.27,114.3
2022-07-05,91247000,33167000,"ICEU","B2209",114.28,114.27,114.3
2022-07-05,91248000,33168000,"ICEU","B2209",114.28,114.27,114.31
2022-07-05,91249000,33169000,"ICEU","B2209",114.28,114.28,114.31
2022-07-05,91251000,33171000,"ICEU","B2209",114.28,114.28,114.31
2022-07-05,91252000,33172000,"ICEU","B2209",114.28,114.28,114.31
2022-07-05,91253000,33173000,"ICEU","B2209",114.28,114.29,114.32
2022-07-05,91255000,33175000,"ICEU","B2209",114.28,114.29,114.32
2022-07-05,91256000,33176000,"ICEU","B2209",114.28,114.29,114.32
2022-07-05,91257000,33177000,"ICEU","B2209",114.28,114.28,114.32
2022-07-05,91259000,33179000,"ICEU","B2209",114.28,114.27,114.31
2022-07-05,91300000,33180000,"ICEU","B2209",114.28,114.29,114.31
2022-07-05,91302000,33182000,"ICEU","B2209",114.28,114.29,114.31
2022-07-05,91303000,33183000,"ICEU","B2209",114.28,114.3,114.33
2022-07-05,91304000,33184000,"ICEU","B2209",114.28,114.3,114.33
2022-07-05,91305000,33185000,"ICEU","B2209",114.28,114.3,114.33
2022-07-05,91306000,33186000,"ICEU","B2209",114.28,114.3,114.33
2022-07-05,91307000,33187000,"ICEU","B2209",114.3,114.29,114.33
2022-07-05,91308000,33188000,"ICEU","B2209",114.3,114.29,114.32
2022-07-05,91309000,33189000,"ICEU","B2209",114.3,114.29,114.31
2022-07-05,91310000,33190000,"ICEU","B2209",114.3,114.29,114.31
2022-07-05,91311000,33191000,"ICEU","B2209",114.3,114.29,114.31
2022-07-05,91312000,33192000,"ICEU","B2209",114.3,114.29,114.31
2022-07-05,91313000,33193000,"ICEU","B2209",114.3,114.29,114.31
2022-07-05,91314000,33194000,"ICEU","B2209",114.3,114.29,114.31
2022-07-05,91315000,33195000,"ICEU","B2209",114.3,114.27,114.31
2022-07-05,91316000,33196000,"ICEU","B2209",114.3,114.27,114.3
2022-07-05,91317000,33197000,"ICEU","B2209",114.3,114.27,114.3
2022-07-05,91318000,33198000,"ICEU","B2209",114.3,114.26,114.28
2022-07-05,91319000,33199000,"ICEU","B2209",114.3,114.23,114.27
2022-07-05,91320000,33200000,"ICEU","B2209",114.3,114.23,114.27
2022-07-05,91321000,33201000,"ICEU","B2209",114.3,114.26,114.28
2022-07-05,91322000,33202000,"ICEU","B2209",114.3,114.27,114.3
2022-07-05,91323000,33203000,"ICEU","B2209",114.3,114.27,114.3
2022-07-05,91324000,33204000,"ICEU","B2209",114.3,114.28,114.31
2022-07-05,91325000,33205000,"ICEU","B2209",114.3,114.27,114.3
2022-07-05,91326000,33206000,"ICEU","B2209",114.3,114.27,114.3
2022-07-05,91327000,33207000,"ICEU","B2209",114.3,114.27,114.3
