"InternalDate","Time","InternalTime","Exchange","Symbol","LastPrice","BidPrice1","AskPrice1"
2022-07-01,83008000,30608000,"ICEU","B2209",109.83,109.82,109.84
2022-07-01,83014000,30614000,"ICEU","B2209",109.83,109.82,109.84
2022-07-01,83016000,30616000,"ICEU","B2209",109.84,109.85,109.87
2022-07-01,83017000,30617000,"ICEU","B2209",109.84,109.83,109.86
2022-07-01,83020000,30620000,"ICEU","B2209",109.84,109.83,109.86
2022-07-01,83022000,30622000,"ICEU","B2209",109.84,109.83,109.86
2022-07-01,83023000,30623000,"ICEU","B2209",109.84,109.84,109.87
2022-07-01,83026000,30626000,"ICEU","B2209",109.84,109.84,109.87
2022-07-01,83028000,30628000,"ICEU","B2209",109.84,109.84,109.87
2022-07-01,83031000,30631000,"ICEU","B2209",109.84,109.83,109.86
2022-07-01,83032000,30632000,"ICEU","B2209",109.84,109.84,109.86
2022-07-01,83038000,30638000,"ICEU","B2209",109.84,109.84,109.86
2022-07-01,83039000,30639000,"ICEU","B2209",109.84,109.84,109.86
2022-07-01,83040000,30640000,"ICEU","B2209",109.84,109.83,109.86
2022-07-01,83043000,30643000,"ICEU","B2209",109.84,109.82,109.85
2022-07-01,83044000,30644000,"ICEU","B2209",109.84,109.82,109.85
2022-07-01,83045000,30645000,"ICEU","B2209",109.84,109.82,109.85
2022-07-01,83047000,30647000,"ICEU","B2209",109.84,109.82,109.85
2022-07-01,83049000,30649000,"ICEU","B2209",109.85,109.83,109.86
2022-07-01,83050000,30650000,"ICEU","B2209",109.85,109.83,109.86
2022-07-01,83051000,30651000,"ICEU","B2209",109.85,109.83,109.86
2022-07-01,83052000,30652000,"ICEU","B2209",109.85,109.83,109.86
2022-07-01,83053000,30653000,"ICEU","B2209",109.85,109.83,109.85
2022-07-01,83054000,30654000,"ICEU","B2209",109.83,109.81,109.84
2022-07-01,83056000,30656000,"ICEU","B2209",109.83,109.8,109.84
2022-07-01,83059000,30659000,"ICEU","B2209",109.83,109.8,109.84
2022-07-01,83101000,30661000,"ICEU","B2209",109.83,109.8,109.83
2022-07-01,83102000,30662000,"ICEU","B2209",109.83,109.81,109.83
2022-07-01,83103000,30663000,"ICEU","B2209",109.83,109.81,109.83
2022-07-01,83104000,30664000,"ICEU","B2209",109.83,109.8,109.83
2022-07-01,83105000,30665000,"ICEU","B2209",109.83,109.8,109.83
2022-07-01,83106000,30666000,"ICEU","B2209",109.83,109.8,109.83
2022-07-01,83107000,30667000,"ICEU","B2209",109.83,109.81,109.83
2022-07-01,83111000,30671000,"ICEU","B2209",109.83,109.81,109.83
2022-07-01,83113000,30673000,"ICEU","B2209",109.83,109.81,109.83
2022-07-01,83114000,30674000,"ICEU","B2209",109.81,109.8,109.83
2022-07-01,83116000,30676000,"ICEU","B2209",109.81,109.8,109.83
2022-07-01,83117000,30677000,"ICEU","B2209",109.81,109.81,109.83
2022-07-01,83119000,30679000,"ICEU","B2209",109.81,109.81,109.83
2022-07-01,83123000,30683000,"ICEU","B2209",109.81,109.81,109.83
2022-07-01,83124000,30684000,"ICEU","B2209",109.83,109.82,109.84
2022-07-01,83125000,30685000,"ICEU","B2209",109.83,109.82,109.84
2022-07-01,83127000,30687000,"ICEU","B2209",109.83,109.82,109.84
2022-07-01,83128000,30688000,"ICEU","B2209",109.83,109.81,109.84
2022-07-01,83129000,30689000,"ICEU","B2209",109.83,109.82,109.84
2022-07-01,83130000,30690000,"ICEU","B2209",109.82,109.8,109.83
2022-07-01,83131000,30691000,"ICEU","B2209",109.82,109.8,109.83
2022-07-01,83138000,30698000,"ICEU","B2209",109.83,109.82,109.84
2022-07-01,83147000,30707000,"ICEU","B2209",109.83,109.81,109.84
2022-07-01,83148000,30708000,"ICEU","B2209",109.83,109.81,109.84
2022-07-01,83152000,30712000,"ICEU","B2209",109.83,109.81,109.84
2022-07-01,83154000,30714000,"ICEU","B2209",109.83,109.8,109.84
2022-07-01,83156000,30716000,"ICEU","B2209",109.83,109.8,109.83
2022-07-01,83157000,30717000,"ICEU","B2209",109.83,109.8,109.83
2022-07-01,83159000,30719000,"ICEU","B2209",109.83,109.8,109.83
2022-07-01,83200000,30720000,"ICEU","B2209",109.83,109.8,109.83
2022-07-01,83201000,30721000,"ICEU","B2209",109.83,109.8,109.83
2022-07-01,83202000,30722000,"ICEU","B2209",109.78,109.76,109.79
2022-07-01,83203000,30723000,"ICEU","B2209",109.78,109.76,109.79
2022-07-01,83204000,30724000,"ICEU","B2209",109.78,109.75,109.78
2022-07-01,83205000,30725000,"ICEU","B2209",109.78,109.75,109.77
2022-07-01,83206000,30726000,"ICEU","B2209",109.77,109.75,109.78
2022-07-01,83209000,30729000,"ICEU","B2209",109.77,109.75,109.78
2022-07-01,83210000,30730000,"ICEU","B2209",109.77,109.75,109.78
2022-07-01,83211000,30731000,"ICEU","B2209",109.77,109.75,109.78
2022-07-01,83214000,30734000,"ICEU","B2209",109.76,109.75,109.78
2022-07-01,83215000,30735000,"ICEU","B2209",109.76,109.75,109.78
2022-07-01,83216000,30736000,"ICEU","B2209",109.76,109.75,109.78
2022-07-01,83218000,30738000,"ICEU","B2209",109.76,109.75,109.78
2022-07-01,83219000,30739000,"ICEU","B2209",109.76,109.76,109.78
2022-07-01,83220000,30740000,"ICEU","B2209",109.76,109.76,109.78
2022-07-01,83221000,30741000,"ICEU","B2209",109.76,109.76,109.78
2022-07-01,83223000,30743000,"ICEU","B2209",109.76,109.76,109.78
2022-07-01,83224000,30744000,"ICEU","B2209",109.76,109.76,109.78
2022-07-01,83225000,30745000,"ICEU","B2209",109.76,109.76,109.78
2022-07-01,83226000,30746000,"ICEU","B2209",109.76,109.76,109.78
2022-07-01,83227000,30747000,"ICEU","B2209",109.76,109.76,109.78
2022-07-01,83230000,30750000,"ICEU","B2209",109.78,109.77,109.8
2022-07-01,83232000,30752000,"ICEU","B2209",109.78,109.78,109.8
2022-07-01,83233000,30753000,"ICEU","B2209",109.78,109.78,109.8
2022-07-01,83234000,30754000,"ICEU","B2209",109.78,109.78,109.8
2022-07-01,83239000,30759000,"ICEU","B2209",109.78,109.78,109.8
2022-07-01,83241000,30761000,"ICEU","B2209",109.78,109.78,109.8
2022-07-01,83242000,30762000,"ICEU","B2209",109.78,109.78,109.79
2022-07-01,83244000,30764000,"ICEU","B2209",109.78,109.77,109.8
2022-07-01,83245000,30765000,"ICEU","B2209",109.8,109.82,109.84
2022-07-01,83246000,30766000,"ICEU","B2209",109.8,109.81,109.84
2022-07-01,83247000,30767000,"ICEU","B2209",109.8,109.81,109.84
2022-07-01,83248000,30768000,"ICEU","B2209",109.8,109.82,109.84
2022-07-01,83249000,30769000,"ICEU","B2209",109.8,109.82,109.84
2022-07-01,83250000,30770000,"ICEU","B2209",109.8,109.81,109.84
2022-07-01,83253000,30773000,"ICEU","B2209",109.8,109.81,109.84
2022-07-01,83256000,30776000,"ICEU","B2209",109.8,109.82,109.84
2022-07-01,83300000,30780000,"ICEU","B2209",109.8,109.81,109.84
2022-07-01,83301000,30781000,"ICEU","B2209",109.8,109.81,109.84
2022-07-01,83302000,30782000,"ICEU","B2209",109.8,109.82,109.84
2022-07-01,83303000,30783000,"ICEU","B2209",109.8,109.81,109.84
2022-07-01,83304000,30784000,"ICEU","B2209",109.81,109.8,109.82
2022-07-01,83305000,30785000,"ICEU","B2209",109.81,109.8,109.82
2022-07-01,83306000,30786000,"ICEU","B2209",109.83,109.83,109.84
2022-07-01,83307000,30787000,"ICEU","B2209",109.83,109.83,109.84
2022-07-01,83308000,30788000,"ICEU","B2209",109.83,109.82,109.84
2022-07-01,83309000,30789000,"ICEU","B2209",109.83,109.82,109.84
2022-07-01,83310000,30790000,"ICEU","B2209",109.83,109.82,109.84
2022-07-01,83312000,30792000,"ICEU","B2209",109.83,109.82,109.84
2022-07-01,83313000,30793000,"ICEU","B2209",109.83,109.82,109.84
2022-07-01,83314000,30794000,"ICEU","B2209",109.83,109.82,109.84
2022-07-01,83315000,30795000,"ICEU","B2209",109.83,109.82,109.84
2022-07-01,83316000,30796000,"ICEU","B2209",109.83,109.82,109.84
2022-07-01,83317000,30797000,"ICEU","B2209",109.83,109.82,109.84
2022-07-01,83321000,30801000,"ICEU","B2209",109.84,109.83,109.86
2022-07-01,83322000,30802000,"ICEU","B2209",109.84,109.84,109.86
2022-07-01,83327000,30807000,"ICEU","B2209",109.84,109.83,109.86
2022-07-01,83329000,30809000,"ICEU","B2209",109.84,109.82,109.85
2022-07-01,83330000,30810000,"ICEU","B2209",109.84,109.82,109.85
2022-07-01,83331000,30811000,"ICEU","B2209",109.84,109.82,109.85
2022-07-01,83332000,30812000,"ICEU","B2209",109.84,109.84,109.87
2022-07-01,83341000,30821000,"ICEU","B2209",109.84,109.84,109.87
2022-07-01,83342000,30822000,"ICEU","B2209",109.84,109.87,109.9
2022-07-01,83343000,30823000,"ICEU","B2209",109.84,109.86,109.89
2022-07-01,83344000,30824000,"ICEU","B2209",109.84,109.87,109.89
2022-07-01,83345000,30825000,"ICEU","B2209",109.84,109.87,109.89
2022-07-01,83346000,30826000,"ICEU","B2209",109.84,109.87,109.89
2022-07-01,83347000,30827000,"ICEU","B2209",109.87,109.86,109.89
2022-07-01,83348000,30828000,"ICEU","B2209",109.87,109.86,109.89
2022-07-01,83349000,30829000,"ICEU","B2209",109.87,109.86,109.89
2022-07-01,83351000,30831000,"ICEU","B2209",109.87,109.86,109.89
2022-07-01,83352000,30832000,"ICEU","B2209",109.87,109.85,109.88
2022-07-01,83354000,30834000,"ICEU","B2209",109.87,109.85,109.88
2022-07-01,83355000,30835000,"ICEU","B2209",109.87,109.86,109.88
2022-07-01,83356000,30836000,"ICEU","B2209",109.87,109.86,109.88
2022-07-01,83401000,30841000,"ICEU","B2209",109.87,109.86,109.88
2022-07-01,83402000,30842000,"ICEU","B2209",109.87,109.86,109.88
2022-07-01,83403000,30843000,"ICEU","B2209",109.87,109.86,109.88
2022-07-01,83404000,30844000,"ICEU","B2209",109.87,109.86,109.88
2022-07-01,83406000,30846000,"ICEU","B2209",109.87,109.86,109.88
2022-07-01,83407000,30847000,"ICEU","B2209",109.88,109.89,109.92
2022-07-01,83408000,30848000,"ICEU","B2209",109.88,109.89,109.92
2022-07-01,83410000,30850000,"ICEU","B2209",109.88,109.88,109.91
2022-07-01,83412000,30852000,"ICEU","B2209",109.88,109.88,109.91
2022-07-01,83413000,30853000,"ICEU","B2209",109.88,109.88,109.91
2022-07-01,83414000,30854000,"ICEU","B2209",109.88,109.88,109.91
2022-07-01,83417000,30857000,"ICEU","B2209",109.88,109.88,109.91
2022-07-01,83418000,30858000,"ICEU","B2209",109.88,109.9,109.93
2022-07-01,83419000,30859000,"ICEU","B2209",109.88,109.9,109.93
2022-07-01,83420000,30860000,"ICEU","B2209",109.88,109.9,109.93
2022-07-01,83421000,30861000,"ICEU","B2209",109.88,109.9,109.93
2022-07-01,83423000,30863000,"ICEU","B2209",109.88,109.9,109.93
2022-07-01,83424000,30864000,"ICEU","B2209",109.88,109.91,109.93
2022-07-01,83425000,30865000,"ICEU","B2209",109.88,109.91,109.93
2022-07-01,83426000,30866000,"ICEU","B2209",109.88,109.91,109.93
2022-07-01,83427000,30867000,"ICEU","B2209",109.88,109.91,109.93
2022-07-01,83436000,30876000,"ICEU","B2209",109.88,109.91,109.94
2022-07-01,83443000,30883000,"ICEU","B2209",109.88,109.91,109.94
2022-07-01,83445000,30885000,"ICEU","B2209",109.88,109.91,109.94
2022-07-01,83446000,30886000,"ICEU","B2209",109.88,109.91,109.94
2022-07-01,83448000,30888000,"ICEU","B2209",109.88,109.91,109.94
2022-07-01,83450000,30890000,"ICEU","B2209",109.88,109.92,109.96
2022-07-01,83453000,30893000,"ICEU","B2209",109.88,109.92,109.95
2022-07-01,83455000,30895000,"ICEU","B2209",109.88,109.92,109.95
2022-07-01,83456000,30896000,"ICEU","B2209",109.88,109.92,109.95
2022-07-01,83500000,30900000,"ICEU","B2209",109.88,109.92,109.95
2022-07-01,83501000,30901000,"ICEU","B2209",109.88,109.93,109.95
2022-07-01,83502000,30902000,"ICEU","B2209",109.88,109.92,109.95
2022-07-01,83511000,30911000,"ICEU","B2209",109.88,109.92,109.95
2022-07-01,83512000,30912000,"ICEU","B2209",109.88,109.92,109.95
2022-07-01,83513000,30913000,"ICEU","B2209",109.88,109.92,109.95
2022-07-01,83514000,30914000,"ICEU","B2209",109.88,109.93,109.95
2022-07-01,83515000,30915000,"ICEU","B2209",109.88,109.93,109.95
2022-07-01,83516000,30916000,"ICEU","B2209",109.88,109.93,109.95
2022-07-01,83518000,30918000,"ICEU","B2209",109.88,109.93,109.95
2022-07-01,83519000,30919000,"ICEU","B2209",109.88,109.93,109.95
2022-07-01,83522000,30922000,"ICEU","B2209",109.88,109.93,109.96
2022-07-01,83523000,30923000,"ICEU","B2209",109.95,109.95,109.98
2022-07-01,83524000,30924000,"ICEU","B2209",109.95,109.95,109.98
2022-07-01,83525000,30925000,"ICEU","B2209",109.95,109.95,109.98
2022-07-01,83528000,30928000,"ICEU","B2209",109.95,109.95,109.98
2022-07-01,83529000,30929000,"ICEU","B2209",109.95,109.94,109.97
2022-07-01,83531000,30931000,"ICEU","B2209",109.95,109.94,109.97
2022-07-01,83533000,30933000,"ICEU","B2209",109.95,109.94,109.97
2022-07-01,83534000,30934000,"ICEU","B2209",109.95,109.94,109.97
2022-07-01,83536000,30936000,"ICEU","B2209",109.95,109.94,109.97
2022-07-01,83540000,30940000,"ICEU","B2209",109.95,109.94,109.97
2022-07-01,83541000,30941000,"ICEU","B2209",109.95,109.95,109.97
2022-07-01,83542000,30942000,"ICEU","B2209",109.95,109.95,109.97
2022-07-01,83545000,30945000,"ICEU","B2209",109.95,109.95,109.98
2022-07-01,83546000,30946000,"ICEU","B2209",109.95,109.95,109.98
2022-07-01,83547000,30947000,"ICEU","B2209",109.95,109.95,109.98
2022-07-01,83548000,30948000,"ICEU","B2209",109.95,109.95,109.98
2022-07-01,83549000,30949000,"ICEU","B2209",109.95,109.95,109.98
2022-07-01,83550000,30950000,"ICEU","B2209",109.95,109.95,109.97
2022-07-01,83553000,30953000,"ICEU","B2209",109.98,109.96,109.99
2022-07-01,83554000,30954000,"ICEU","B2209",109.98,109.97,109.99
2022-07-01,83556000,30956000,"ICEU","B2209",109.98,109.96,109.99
2022-07-01,83557000,30957000,"ICEU","B2209",109.98,109.96,109.99
2022-07-01,83558000,30958000,"ICEU","B2209",109.98,109.97,109.99
2022-07-01,83559000,30959000,"ICEU","B2209",109.98,109.97,109.99
2022-07-01,83600000,30960000,"ICEU","B2209",109.97,109.96,109.98
2022-07-01,83601000,30961000,"ICEU","B2209",109.97,109.96,109.98
2022-07-01,83602000,30962000,"ICEU","B2209",109.96,109.94,109.97
2022-07-01,83603000,30963000,"ICEU","B2209",109.96,109.94,109.97
2022-07-01,83604000,30964000,"ICEU","B2209",109.96,109.92,109.95
2022-07-01,83605000,30965000,"ICEU","B2209",109.96,109.93,109.95
2022-07-01,83609000,30969000,"ICEU","B2209",109.96,109.93,109.95
2022-07-01,83610000,30970000,"ICEU","B2209",109.96,109.93,109.95
2022-07-01,83616000,30976000,"ICEU","B2209",109.96,109.93,109.95
2022-07-01,83620000,30980000,"ICEU","B2209",109.96,109.93,109.95
2022-07-01,83621000,30981000,"ICEU","B2209",109.96,109.93,109.95
2022-07-01,83623000,30983000,"ICEU","B2209",109.96,109.93,109.95
2022-07-01,83629000,30989000,"ICEU","B2209",109.95,109.96,109.98
2022-07-01,83632000,30992000,"ICEU","B2209",109.95,109.95,109.98
2022-07-01,83633000,30993000,"ICEU","B2209",109.95,109.95,109.98
2022-07-01,83638000,30998000,"ICEU","B2209",109.95,109.95,109.98
2022-07-01,83639000,30999000,"ICEU","B2209",109.95,109.95,109.98
2022-07-01,83640000,31000000,"ICEU","B2209",109.95,109.95,109.98
2022-07-01,83641000,31001000,"ICEU","B2209",109.95,109.95,109.98
2022-07-01,83642000,31002000,"ICEU","B2209",109.95,109.93,109.96
2022-07-01,83643000,31003000,"ICEU","B2209",109.95,109.94,109.96
2022-07-01,83644000,31004000,"ICEU","B2209",109.95,109.94,109.96
2022-07-01,83647000,31007000,"ICEU","B2209",109.95,109.93,109.96
2022-07-01,83648000,31008000,"ICEU","B2209",109.95,109.93,109.95
2022-07-01,83649000,31009000,"ICEU","B2209",109.95,109.93,109.95
2022-07-01,83650000,31010000,"ICEU","B2209",109.95,109.93,109.95
2022-07-01,83652000,31012000,"ICEU","B2209",109.95,109.93,109.95
2022-07-01,83653000,31013000,"ICEU","B2209",109.95,109.92,109.94
2022-07-01,83654000,31014000,"ICEU","B2209",109.95,109.92,109.94
2022-07-01,83659000,31019000,"ICEU","B2209",109.95,109.91,109.94
2022-07-01,83700000,31020000,"ICEU","B2209",109.95,109.92,109.94
2022-07-01,83701000,31021000,"ICEU","B2209",109.95,109.92,109.94
2022-07-01,83702000,31022000,"ICEU","B2209",109.95,109.91,109.94
2022-07-01,83703000,31023000,"ICEU","B2209",109.95,109.9,109.93
2022-07-01,83706000,31026000,"ICEU","B2209",109.95,109.9,109.93
2022-07-01,83707000,31027000,"ICEU","B2209",109.95,109.9,109.93
2022-07-01,83708000,31028000,"ICEU","B2209",109.95,109.91,109.93
2022-07-01,83709000,31029000,"ICEU","B2209",109.95,109.91,109.93
2022-07-01,83710000,31030000,"ICEU","B2209",109.95,109.91,109.93
2022-07-01,83711000,31031000,"ICEU","B2209",109.95,109.91,109.93
2022-07-01,83712000,31032000,"ICEU","B2209",109.9,109.87,109.9
2022-07-01,83713000,31033000,"ICEU","B2209",109.9,109.88,109.9
2022-07-01,83714000,31034000,"ICEU","B2209",109.9,109.88,109.9
2022-07-01,83715000,31035000,"ICEU","B2209",109.9,109.88,109.9
2022-07-01,83717000,31037000,"ICEU","B2209",109.9,109.87,109.9
2022-07-01,83718000,31038000,"ICEU","B2209",109.9,109.87,109.9
2022-07-01,83719000,31039000,"ICEU","B2209",109.9,109.87,109.9
2022-07-01,83720000,31040000,"ICEU","B2209",109.9,109.88,109.9
2022-07-01,83721000,31041000,"ICEU","B2209",109.9,109.88,109.9
2022-07-01,83722000,31042000,"ICEU","B2209",109.9,109.87,109.89
2022-07-01,83726000,31046000,"ICEU","B2209",109.9,109.87,109.89
2022-07-01,83727000,31047000,"ICEU","B2209",109.9,109.88,109.89
2022-07-01,83728000,31048000,"ICEU","B2209",109.9,109.87,109.89
2022-07-01,83730000,31050000,"ICEU","B2209",109.9,109.87,109.89
2022-07-01,83733000,31053000,"ICEU","B2209",109.9,109.87,109.89
2022-07-01,83734000,31054000,"ICEU","B2209",109.9,109.87,109.89
2022-07-01,83736000,31056000,"ICEU","B2209",109.9,109.87,109.89
2022-07-01,83737000,31057000,"ICEU","B2209",109.9,109.87,109.89
2022-07-01,83738000,31058000,"ICEU","B2209",109.9,109.87,109.89
2022-07-01,83741000,31061000,"ICEU","B2209",109.9,109.87,109.89
2022-07-01,83744000,31064000,"ICEU","B2209",109.9,109.87,109.89
2022-07-01,83745000,31065000,"ICEU","B2209",109.9,109.87,109.89
2022-07-01,83746000,31066000,"ICEU","B2209",109.9,109.87,109.89
2022-07-01,83747000,31067000,"ICEU","B2209",109.9,109.87,109.89
2022-07-01,83750000,31070000,"ICEU","B2209",109.9,109.87,109.89
2022-07-01,83751000,31071000,"ICEU","B2209",109.9,109.87,109.89
2022-07-01,83754000,31074000,"ICEU","B2209",109.9,109.87,109.89
2022-07-01,83755000,31075000,"ICEU","B2209",109.87,109.87,109.89
2022-07-01,83758000,31078000,"ICEU","B2209",109.87,109.87,109.89
2022-07-01,83759000,31079000,"ICEU","B2209",109.87,109.87,109.89
2022-07-01,83802000,31082000,"ICEU","B2209",109.87,109.87,109.89
2022-07-01,83804000,31084000,"ICEU","B2209",109.89,109.87,109.89
2022-07-01,83805000,31085000,"ICEU","B2209",109.89,109.88,109.89
2022-07-01,83807000,31087000,"ICEU","B2209",109.89,109.87,109.89
2022-07-01,83808000,31088000,"ICEU","B2209",109.87,109.85,109.88
2022-07-01,83809000,31089000,"ICEU","B2209",109.87,109.85,109.88
2022-07-01,83815000,31095000,"ICEU","B2209",109.87,109.86,109.88
2022-07-01,83816000,31096000,"ICEU","B2209",109.85,109.83,109.86
2022-07-01,83817000,31097000,"ICEU","B2209",109.86,109.84,109.87
2022-07-01,83818000,31098000,"ICEU","B2209",109.86,109.85,109.88
2022-07-01,83819000,31099000,"ICEU","B2209",109.86,109.85,109.88
2022-07-01,83820000,31100000,"ICEU","B2209",109.86,109.85,109.88
2022-07-01,83822000,31102000,"ICEU","B2209",109.86,109.85,109.88
2022-07-01,83823000,31103000,"ICEU","B2209",109.86,109.85,109.88
2022-07-01,83824000,31104000,"ICEU","B2209",109.86,109.84,109.87
2022-07-01,83825000,31105000,"ICEU","B2209",109.86,109.84,109.85
2022-07-01,83826000,31106000,"ICEU","B2209",109.83,109.82,109.84
2022-07-01,83827000,31107000,"ICEU","B2209",109.83,109.82,109.84
2022-07-01,83828000,31108000,"ICEU","B2209",109.83,109.82,109.84
2022-07-01,83829000,31109000,"ICEU","B2209",109.82,109.82,109.84
2022-07-01,83830000,31110000,"ICEU","B2209",109.82,109.82,109.84
2022-07-01,83831000,31111000,"ICEU","B2209",109.84,109.83,109.86
2022-07-01,83833000,31113000,"ICEU","B2209",109.84,109.83,109.86
2022-07-01,83835000,31115000,"ICEU","B2209",109.84,109.83,109.84
2022-07-01,83836000,31116000,"ICEU","B2209",109.84,109.81,109.83
2022-07-01,83837000,31117000,"ICEU","B2209",109.84,109.81,109.83
2022-07-01,83839000,31119000,"ICEU","B2209",109.84,109.8,109.84
2022-07-01,83840000,31120000,"ICEU","B2209",109.84,109.8,109.84
2022-07-01,83841000,31121000,"ICEU","B2209",109.84,109.8,109.83
2022-07-01,83842000,31122000,"ICEU","B2209",109.84,109.8,109.83
2022-07-01,83843000,31123000,"ICEU","B2209",109.84,109.8,109.83
2022-07-01,83844000,31124000,"ICEU","B2209",109.81,109.79,109.82
2022-07-01,83845000,31125000,"ICEU","B2209",109.81,109.81,109.84
2022-07-01,83846000,31126000,"ICEU","B2209",109.81,109.8,109.84
2022-07-01,83847000,31127000,"ICEU","B2209",109.81,109.81,109.84
2022-07-01,83848000,31128000,"ICEU","B2209",109.81,109.8,109.84
2022-07-01,83849000,31129000,"ICEU","B2209",109.81,109.8,109.83
2022-07-01,83850000,31130000,"ICEU","B2209",109.81,109.81,109.83
2022-07-01,83855000,31135000,"ICEU","B2209",109.81,109.81,109.83
2022-07-01,83856000,31136000,"ICEU","B2209",109.81,109.81,109.83
2022-07-01,83857000,31137000,"ICEU","B2209",109.81,109.81,109.83
2022-07-01,83900000,31140000,"ICEU","B2209",109.81,109.8,109.82
2022-07-01,83901000,31141000,"ICEU","B2209",109.81,109.8,109.83
2022-07-01,83902000,31142000,"ICEU","B2209",109.81,109.8,109.83
2022-07-01,83903000,31143000,"ICEU","B2209",109.81,109.8,109.83
2022-07-01,83904000,31144000,"ICEU","B2209",109.81,109.8,109.84
2022-07-01,83905000,31145000,"ICEU","B2209",109.81,109.81,109.84
2022-07-01,83906000,31146000,"ICEU","B2209",109.81,109.81,109.84
2022-07-01,83907000,31147000,"ICEU","B2209",109.81,109.81,109.84
2022-07-01,83908000,31148000,"ICEU","B2209",109.81,109.81,109.84
2022-07-01,83909000,31149000,"ICEU","B2209",109.81,109.81,109.84
2022-07-01,83911000,31151000,"ICEU","B2209",109.81,109.8,109.83
2022-07-01,83913000,31153000,"ICEU","B2209",109.81,109.8,109.83
2022-07-01,83914000,31154000,"ICEU","B2209",109.81,109.8,109.83
2022-07-01,83916000,31156000,"ICEU","B2209",109.81,109.8,109.83
2022-07-01,83918000,31158000,"ICEU","B2209",109.81,109.8,109.83
2022-07-01,83919000,31159000,"ICEU","B2209",109.81,109.8,109.81
2022-07-01,83923000,31163000,"ICEU","B2209",109.8,109.78,109.8
2022-07-01,83927000,31167000,"ICEU","B2209",109.8,109.79,109.82
2022-07-01,83929000,31169000,"ICEU","B2209",109.8,109.79,109.82
2022-07-01,83930000,31170000,"ICEU","B2209",109.8,109.79,109.81
2022-07-01,83935000,31175000,"ICEU","B2209",109.79,109.78,109.82
2022-07-01,83938000,31178000,"ICEU","B2209",109.79,109.78,109.82
2022-07-01,83940000,31180000,"ICEU","B2209",109.79,109.78,109.82
2022-07-01,83941000,31181000,"ICEU","B2209",109.79,109.78,109.82
2022-07-01,83945000,31185000,"ICEU","B2209",109.79,109.78,109.82
2022-07-01,83948000,31188000,"ICEU","B2209",109.79,109.78,109.81
2022-07-01,83951000,31191000,"ICEU","B2209",109.79,109.78,109.81
2022-07-01,83953000,31193000,"ICEU","B2209",109.79,109.78,109.8
2022-07-01,83954000,31194000,"ICEU","B2209",109.79,109.78,109.81
2022-07-01,83955000,31195000,"ICEU","B2209",109.77,109.77,109.8
2022-07-01,83956000,31196000,"ICEU","B2209",109.81,109.79,109.82
2022-07-01,83957000,31197000,"ICEU","B2209",109.81,109.79,109.82
2022-07-01,83958000,31198000,"ICEU","B2209",109.81,109.79,109.82
2022-07-01,8.4e+07,31200000,"ICEU","B2209",109.81,109.79,109.81
2022-07-01,84001000,31201000,"ICEU","B2209",109.81,109.77,109.8
2022-07-01,84002000,31202000,"ICEU","B2209",109.81,109.77,109.8
2022-07-01,84003000,31203000,"ICEU","B2209",109.81,109.77,109.8
2022-07-01,84005000,31205000,"ICEU","B2209",109.81,109.77,109.79
2022-07-01,84006000,31206000,"ICEU","B2209",109.81,109.78,109.79
2022-07-01,84008000,31208000,"ICEU","B2209",109.81,109.78,109.8
2022-07-01,84009000,31209000,"ICEU","B2209",109.81,109.78,109.81
2022-07-01,84010000,31210000,"ICEU","B2209",109.81,109.78,109.8
2022-07-01,84011000,31211000,"ICEU","B2209",109.81,109.78,109.8
2022-07-01,84012000,31212000,"ICEU","B2209",109.81,109.78,109.8
2022-07-01,84013000,31213000,"ICEU","B2209",109.81,109.78,109.81
2022-07-01,84014000,31214000,"ICEU","B2209",109.81,109.78,109.8
2022-07-01,84015000,31215000,"ICEU","B2209",109.81,109.78,109.8
2022-07-01,84016000,31216000,"ICEU","B2209",109.78,109.76,109.79
2022-07-01,84017000,31217000,"ICEU","B2209",109.78,109.76,109.79
2022-07-01,84019000,31219000,"ICEU","B2209",109.78,109.76,109.78
2022-07-01,84020000,31220000,"ICEU","B2209",109.78,109.75,109.78
2022-07-01,84023000,31223000,"ICEU","B2209",109.78,109.76,109.78
2022-07-01,84030000,31230000,"ICEU","B2209",109.78,109.82,109.85
2022-07-01,84031000,31231000,"ICEU","B2209",109.78,109.82,109.85
2022-07-01,84032000,31232000,"ICEU","B2209",109.78,109.82,109.85
2022-07-01,84033000,31233000,"ICEU","B2209",109.78,109.82,109.85
2022-07-01,84034000,31234000,"ICEU","B2209",109.78,109.81,109.84
2022-07-01,84035000,31235000,"ICEU","B2209",109.78,109.82,109.84
2022-07-01,84036000,31236000,"ICEU","B2209",109.78,109.81,109.84
2022-07-01,84037000,31237000,"ICEU","B2209",109.82,109.81,109.84
2022-07-01,84038000,31238000,"ICEU","B2209",109.82,109.8,109.82
2022-07-01,84041000,31241000,"ICEU","B2209",109.82,109.81,109.84
2022-07-01,84042000,31242000,"ICEU","B2209",109.82,109.81,109.83
2022-07-01,84043000,31243000,"ICEU","B2209",109.82,109.81,109.83
2022-07-01,84044000,31244000,"ICEU","B2209",109.82,109.83,109.85
2022-07-01,84045000,31245000,"ICEU","B2209",109.82,109.83,109.86
2022-07-01,84046000,31246000,"ICEU","B2209",109.82,109.83,109.86
2022-07-01,84049000,31249000,"ICEU","B2209",109.82,109.84,109.86
2022-07-01,84050000,31250000,"ICEU","B2209",109.82,109.84,109.86
2022-07-01,84051000,31251000,"ICEU","B2209",109.85,109.83,109.86
2022-07-01,84052000,31252000,"ICEU","B2209",109.85,109.83,109.86
2022-07-01,84053000,31253000,"ICEU","B2209",109.85,109.83,109.86
2022-07-01,84101000,31261000,"ICEU","B2209",109.85,109.84,109.86
2022-07-01,84102000,31262000,"ICEU","B2209",109.85,109.83,109.86
2022-07-01,84103000,31263000,"ICEU","B2209",109.85,109.84,109.86
2022-07-01,84104000,31264000,"ICEU","B2209",109.85,109.84,109.86
2022-07-01,84109000,31269000,"ICEU","B2209",109.85,109.83,109.86
2022-07-01,84110000,31270000,"ICEU","B2209",109.83,109.81,109.84
2022-07-01,84111000,31271000,"ICEU","B2209",109.83,109.81,109.84
2022-07-01,84112000,31272000,"ICEU","B2209",109.83,109.83,109.86
2022-07-01,84114000,31274000,"ICEU","B2209",109.83,109.83,109.86
2022-07-01,84117000,31277000,"ICEU","B2209",109.83,109.82,109.85
2022-07-01,84118000,31278000,"ICEU","B2209",109.83,109.82,109.85
2022-07-01,84123000,31283000,"ICEU","B2209",109.81,109.81,109.83
2022-07-01,84125000,31285000,"ICEU","B2209",109.81,109.81,109.83
2022-07-01,84126000,31286000,"ICEU","B2209",109.81,109.81,109.83
2022-07-01,84128000,31288000,"ICEU","B2209",109.81,109.81,109.83
2022-07-01,84130000,31290000,"ICEU","B2209",109.81,109.81,109.83
2022-07-01,84131000,31291000,"ICEU","B2209",109.82,109.81,109.83
2022-07-01,84133000,31293000,"ICEU","B2209",109.82,109.81,109.83
2022-07-01,84134000,31294000,"ICEU","B2209",109.82,109.81,109.83
2022-07-01,84135000,31295000,"ICEU","B2209",109.82,109.81,109.83
2022-07-01,84136000,31296000,"ICEU","B2209",109.82,109.81,109.83
2022-07-01,84140000,31300000,"ICEU","B2209",109.82,109.81,109.83
2022-07-01,84141000,31301000,"ICEU","B2209",109.82,109.81,109.83
2022-07-01,84142000,31302000,"ICEU","B2209",109.83,109.81,109.83
2022-07-01,84143000,31303000,"ICEU","B2209",109.83,109.81,109.83
2022-07-01,84144000,31304000,"ICEU","B2209",109.83,109.81,109.83
2022-07-01,84150000,31310000,"ICEU","B2209",109.83,109.81,109.83
2022-07-01,84151000,31311000,"ICEU","B2209",109.83,109.8,109.83
2022-07-01,84152000,31312000,"ICEU","B2209",109.81,109.8,109.82
2022-07-01,84153000,31313000,"ICEU","B2209",109.8,109.78,109.8
2022-07-01,84154000,31314000,"ICEU","B2209",109.79,109.78,109.8
2022-07-01,84156000,31316000,"ICEU","B2209",109.79,109.78,109.8
2022-07-01,84158000,31318000,"ICEU","B2209",109.79,109.78,109.81
2022-07-01,84159000,31319000,"ICEU","B2209",109.81,109.8,109.83
2022-07-01,84200000,31320000,"ICEU","B2209",109.81,109.8,109.82
2022-07-01,84201000,31321000,"ICEU","B2209",109.8,109.78,109.81
2022-07-01,84202000,31322000,"ICEU","B2209",109.8,109.78,109.81
2022-07-01,84205000,31325000,"ICEU","B2209",109.8,109.78,109.81
2022-07-01,84206000,31326000,"ICEU","B2209",109.8,109.78,109.81
2022-07-01,84207000,31327000,"ICEU","B2209",109.8,109.78,109.81
2022-07-01,84208000,31328000,"ICEU","B2209",109.8,109.78,109.81
2022-07-01,84209000,31329000,"ICEU","B2209",109.8,109.79,109.81
2022-07-01,84211000,31331000,"ICEU","B2209",109.8,109.79,109.81
2022-07-01,84212000,31332000,"ICEU","B2209",109.8,109.79,109.81
2022-07-01,84213000,31333000,"ICEU","B2209",109.8,109.79,109.81
2022-07-01,84214000,31334000,"ICEU","B2209",109.8,109.79,109.81
2022-07-01,84215000,31335000,"ICEU","B2209",109.79,109.78,109.8
2022-07-01,84216000,31336000,"ICEU","B2209",109.79,109.78,109.8
2022-07-01,84218000,31338000,"ICEU","B2209",109.79,109.78,109.8
2022-07-01,84223000,31343000,"ICEU","B2209",109.79,109.78,109.8
2022-07-01,84225000,31345000,"ICEU","B2209",109.79,109.78,109.8
2022-07-01,84226000,31346000,"ICEU","B2209",109.79,109.78,109.8
2022-07-01,84230000,31350000,"ICEU","B2209",109.79,109.77,109.8
2022-07-01,84231000,31351000,"ICEU","B2209",109.77,109.75,109.78
2022-07-01,84232000,31352000,"ICEU","B2209",109.77,109.76,109.79
2022-07-01,84233000,31353000,"ICEU","B2209",109.77,109.76,109.78
2022-07-01,84234000,31354000,"ICEU","B2209",109.77,109.75,109.78
2022-07-01,84236000,31356000,"ICEU","B2209",109.77,109.75,109.78
2022-07-01,84238000,31358000,"ICEU","B2209",109.77,109.75,109.77
2022-07-01,84239000,31359000,"ICEU","B2209",109.77,109.75,109.77
2022-07-01,84240000,31360000,"ICEU","B2209",109.77,109.74,109.76
2022-07-01,84241000,31361000,"ICEU","B2209",109.77,109.74,109.76
2022-07-01,84242000,31362000,"ICEU","B2209",109.77,109.74,109.77
2022-07-01,84244000,31364000,"ICEU","B2209",109.77,109.74,109.77
2022-07-01,84246000,31366000,"ICEU","B2209",109.77,109.74,109.75
2022-07-01,84248000,31368000,"ICEU","B2209",109.77,109.74,109.75
2022-07-01,84251000,31371000,"ICEU","B2209",109.77,109.74,109.75
2022-07-01,84252000,31372000,"ICEU","B2209",109.77,109.74,109.75
2022-07-01,84253000,31373000,"ICEU","B2209",109.77,109.74,109.75
2022-07-01,84254000,31374000,"ICEU","B2209",109.75,109.74,109.77
2022-07-01,84256000,31376000,"ICEU","B2209",109.75,109.74,109.76
2022-07-01,84258000,31378000,"ICEU","B2209",109.75,109.74,109.76
2022-07-01,84300000,31380000,"ICEU","B2209",109.75,109.74,109.76
2022-07-01,84302000,31382000,"ICEU","B2209",109.75,109.74,109.77
2022-07-01,84304000,31384000,"ICEU","B2209",109.75,109.74,109.77
2022-07-01,84305000,31385000,"ICEU","B2209",109.75,109.74,109.77
2022-07-01,84307000,31387000,"ICEU","B2209",109.75,109.74,109.77
2022-07-01,84309000,31389000,"ICEU","B2209",109.75,109.74,109.76
2022-07-01,84310000,31390000,"ICEU","B2209",109.75,109.74,109.77
2022-07-01,84311000,31391000,"ICEU","B2209",109.75,109.74,109.77
2022-07-01,84312000,31392000,"ICEU","B2209",109.75,109.74,109.77
2022-07-01,84313000,31393000,"ICEU","B2209",109.75,109.75,109.77
2022-07-01,84314000,31394000,"ICEU","B2209",109.75,109.75,109.77
2022-07-01,84319000,31399000,"ICEU","B2209",109.75,109.76,109.77
2022-07-01,84320000,31400000,"ICEU","B2209",109.75,109.75,109.77
2022-07-01,84322000,31402000,"ICEU","B2209",109.75,109.74,109.77
2022-07-01,84326000,31406000,"ICEU","B2209",109.75,109.75,109.77
2022-07-01,84327000,31407000,"ICEU","B2209",109.75,109.75,109.77
2022-07-01,84328000,31408000,"ICEU","B2209",109.75,109.75,109.77
2022-07-01,84339000,31419000,"ICEU","B2209",109.75,109.75,109.77
2022-07-01,84342000,31422000,"ICEU","B2209",109.75,109.75,109.77
2022-07-01,84343000,31423000,"ICEU","B2209",109.75,109.75,109.77
2022-07-01,84344000,31424000,"ICEU","B2209",109.76,109.75,109.77
2022-07-01,84346000,31426000,"ICEU","B2209",109.76,109.75,109.77
2022-07-01,84351000,31431000,"ICEU","B2209",109.76,109.74,109.76
2022-07-01,84354000,31434000,"ICEU","B2209",109.76,109.74,109.76
2022-07-01,84359000,31439000,"ICEU","B2209",109.74,109.7,109.72
2022-07-01,84400000,31440000,"ICEU","B2209",109.74,109.7,109.72
2022-07-01,84401000,31441000,"ICEU","B2209",109.74,109.7,109.73
2022-07-01,84402000,31442000,"ICEU","B2209",109.74,109.7,109.72
2022-07-01,84403000,31443000,"ICEU","B2209",109.74,109.71,109.74
2022-07-01,84404000,31444000,"ICEU","B2209",109.74,109.72,109.75
2022-07-01,84405000,31445000,"ICEU","B2209",109.74,109.72,109.74
2022-07-01,84407000,31447000,"ICEU","B2209",109.74,109.72,109.75
2022-07-01,84408000,31448000,"ICEU","B2209",109.74,109.72,109.75
2022-07-01,84410000,31450000,"ICEU","B2209",109.74,109.72,109.75
2022-07-01,84411000,31451000,"ICEU","B2209",109.74,109.72,109.74
2022-07-01,84412000,31452000,"ICEU","B2209",109.74,109.72,109.74
2022-07-01,84413000,31453000,"ICEU","B2209",109.72,109.7,109.73
2022-07-01,84414000,31454000,"ICEU","B2209",109.72,109.7,109.73
2022-07-01,84416000,31456000,"ICEU","B2209",109.72,109.69,109.71
2022-07-01,84417000,31457000,"ICEU","B2209",109.72,109.69,109.72
2022-07-01,84419000,31459000,"ICEU","B2209",109.72,109.7,109.74
2022-07-01,84423000,31463000,"ICEU","B2209",109.72,109.73,109.76
2022-07-01,84424000,31464000,"ICEU","B2209",109.72,109.73,109.76
2022-07-01,84427000,31467000,"ICEU","B2209",109.72,109.75,109.77
2022-07-01,84428000,31468000,"ICEU","B2209",109.72,109.75,109.77
2022-07-01,84430000,31470000,"ICEU","B2209",109.72,109.75,109.77
2022-07-01,84433000,31473000,"ICEU","B2209",109.72,109.75,109.77
2022-07-01,84435000,31475000,"ICEU","B2209",109.72,109.75,109.77
2022-07-01,84436000,31476000,"ICEU","B2209",109.72,109.75,109.77
2022-07-01,84437000,31477000,"ICEU","B2209",109.72,109.76,109.77
2022-07-01,84440000,31480000,"ICEU","B2209",109.72,109.76,109.77
2022-07-01,84447000,31487000,"ICEU","B2209",109.72,109.76,109.77
2022-07-01,84448000,31488000,"ICEU","B2209",109.77,109.76,109.77
2022-07-01,84450000,31490000,"ICEU","B2209",109.77,109.76,109.77
2022-07-01,84451000,31491000,"ICEU","B2209",109.76,109.75,109.77
2022-07-01,84454000,31494000,"ICEU","B2209",109.76,109.77,109.79
2022-07-01,84455000,31495000,"ICEU","B2209",109.76,109.77,109.79
2022-07-01,84456000,31496000,"ICEU","B2209",109.76,109.76,109.79
2022-07-01,84459000,31499000,"ICEU","B2209",109.76,109.77,109.79
2022-07-01,84500000,31500000,"ICEU","B2209",109.78,109.76,109.78
2022-07-01,84502000,31502000,"ICEU","B2209",109.78,109.76,109.78
2022-07-01,84503000,31503000,"ICEU","B2209",109.78,109.76,109.78
2022-07-01,84504000,31504000,"ICEU","B2209",109.79,109.78,109.79
2022-07-01,84505000,31505000,"ICEU","B2209",109.79,109.78,109.79
2022-07-01,84506000,31506000,"ICEU","B2209",109.79,109.78,109.79
2022-07-01,84507000,31507000,"ICEU","B2209",109.82,109.8,109.82
2022-07-01,84508000,31508000,"ICEU","B2209",109.8,109.79,109.82
2022-07-01,84509000,31509000,"ICEU","B2209",109.82,109.81,109.82
2022-07-01,84510000,31510000,"ICEU","B2209",109.81,109.79,109.81
2022-07-01,84511000,31511000,"ICEU","B2209",109.78,109.78,109.81
2022-07-01,84512000,31512000,"ICEU","B2209",109.78,109.77,109.8
2022-07-01,84513000,31513000,"ICEU","B2209",109.78,109.78,109.8
2022-07-01,84515000,31515000,"ICEU","B2209",109.78,109.76,109.8
2022-07-01,84516000,31516000,"ICEU","B2209",109.78,109.76,109.8
2022-07-01,84517000,31517000,"ICEU","B2209",109.79,109.78,109.81
2022-07-01,84518000,31518000,"ICEU","B2209",109.79,109.79,109.81
2022-07-01,84519000,31519000,"ICEU","B2209",109.79,109.8,109.82
2022-07-01,84520000,31520000,"ICEU","B2209",109.8,109.77,109.8
2022-07-01,84521000,31521000,"ICEU","B2209",109.77,109.78,109.79
2022-07-01,84522000,31522000,"ICEU","B2209",109.77,109.77,109.8
2022-07-01,84523000,31523000,"ICEU","B2209",109.79,109.79,109.82
2022-07-01,84524000,31524000,"ICEU","B2209",109.79,109.79,109.82
2022-07-01,84525000,31525000,"ICEU","B2209",109.79,109.79,109.81
2022-07-01,84526000,31526000,"ICEU","B2209",109.79,109.79,109.81
2022-07-01,84527000,31527000,"ICEU","B2209",109.79,109.79,109.82
2022-07-01,84528000,31528000,"ICEU","B2209",109.79,109.79,109.82
2022-07-01,84531000,31531000,"ICEU","B2209",109.79,109.8,109.82
2022-07-01,84532000,31532000,"ICEU","B2209",109.79,109.8,109.82
2022-07-01,84533000,31533000,"ICEU","B2209",109.79,109.8,109.82
2022-07-01,84537000,31537000,"ICEU","B2209",109.79,109.8,109.82
2022-07-01,84538000,31538000,"ICEU","B2209",109.79,109.8,109.82
2022-07-01,84539000,31539000,"ICEU","B2209",109.79,109.8,109.83
2022-07-01,84540000,31540000,"ICEU","B2209",109.79,109.81,109.83
2022-07-01,84541000,31541000,"ICEU","B2209",109.83,109.81,109.83
2022-07-01,84542000,31542000,"ICEU","B2209",109.83,109.81,109.83
2022-07-01,84543000,31543000,"ICEU","B2209",109.83,109.81,109.83
2022-07-01,84544000,31544000,"ICEU","B2209",109.83,109.81,109.83
2022-07-01,84546000,31546000,"ICEU","B2209",109.83,109.81,109.83
2022-07-01,84547000,31547000,"ICEU","B2209",109.83,109.81,109.83
2022-07-01,84548000,31548000,"ICEU","B2209",109.83,109.81,109.83
2022-07-01,84549000,31549000,"ICEU","B2209",109.83,109.81,109.83
2022-07-01,84551000,31551000,"ICEU","B2209",109.83,109.81,109.83
2022-07-01,84552000,31552000,"ICEU","B2209",109.83,109.81,109.83
2022-07-01,84553000,31553000,"ICEU","B2209",109.81,109.79,109.82
2022-07-01,84556000,31556000,"ICEU","B2209",109.81,109.79,109.82
2022-07-01,84557000,31557000,"ICEU","B2209",109.81,109.79,109.82
2022-07-01,84558000,31558000,"ICEU","B2209",109.81,109.79,109.82
2022-07-01,84601000,31561000,"ICEU","B2209",109.81,109.79,109.82
2022-07-01,84603000,31563000,"ICEU","B2209",109.81,109.79,109.82
2022-07-01,84607000,31567000,"ICEU","B2209",109.81,109.8,109.83
2022-07-01,84608000,31568000,"ICEU","B2209",109.81,109.81,109.83
2022-07-01,84609000,31569000,"ICEU","B2209",109.83,109.81,109.83
2022-07-01,84610000,31570000,"ICEU","B2209",109.83,109.87,109.9
2022-07-01,84611000,31571000,"ICEU","B2209",109.9,109.89,109.9
2022-07-01,84614000,31574000,"ICEU","B2209",109.9,109.89,109.91
2022-07-01,84615000,31575000,"ICEU","B2209",109.9,109.89,109.9
2022-07-01,84618000,31578000,"ICEU","B2209",109.9,109.89,109.9
2022-07-01,84619000,31579000,"ICEU","B2209",109.89,109.87,109.9
2022-07-01,84620000,31580000,"ICEU","B2209",109.89,109.87,109.9
2022-07-01,84621000,31581000,"ICEU","B2209",109.89,109.87,109.9
2022-07-01,84624000,31584000,"ICEU","B2209",109.88,109.86,109.89
2022-07-01,84625000,31585000,"ICEU","B2209",109.88,109.87,109.89
2022-07-01,84626000,31586000,"ICEU","B2209",109.88,109.87,109.88
2022-07-01,84630000,31590000,"ICEU","B2209",109.88,109.87,109.88
2022-07-01,84632000,31592000,"ICEU","B2209",109.88,109.87,109.88
2022-07-01,84636000,31596000,"ICEU","B2209",109.88,109.87,109.88
2022-07-01,84638000,31598000,"ICEU","B2209",109.88,109.87,109.9
2022-07-01,84640000,31600000,"ICEU","B2209",109.88,109.87,109.9
2022-07-01,84641000,31601000,"ICEU","B2209",109.87,109.86,109.88
2022-07-01,84642000,31602000,"ICEU","B2209",109.88,109.87,109.9
2022-07-01,84643000,31603000,"ICEU","B2209",109.87,109.87,109.9
2022-07-01,84644000,31604000,"ICEU","B2209",109.87,109.87,109.9
2022-07-01,84645000,31605000,"ICEU","B2209",109.87,109.87,109.9
2022-07-01,84647000,31607000,"ICEU","B2209",109.87,109.88,109.91
2022-07-01,84649000,31609000,"ICEU","B2209",109.87,109.87,109.9
2022-07-01,84650000,31610000,"ICEU","B2209",109.86,109.85,109.89
2022-07-01,84651000,31611000,"ICEU","B2209",109.85,109.85,109.88
2022-07-01,84652000,31612000,"ICEU","B2209",109.85,109.85,109.88
2022-07-01,84653000,31613000,"ICEU","B2209",109.86,109.86,109.88
2022-07-01,84654000,31614000,"ICEU","B2209",109.86,109.86,109.89
2022-07-01,84655000,31615000,"ICEU","B2209",109.86,109.85,109.88
2022-07-01,84659000,31619000,"ICEU","B2209",109.86,109.85,109.88
2022-07-01,84700000,31620000,"ICEU","B2209",109.86,109.87,109.91
2022-07-01,84702000,31622000,"ICEU","B2209",109.86,109.87,109.9
2022-07-01,84703000,31623000,"ICEU","B2209",109.86,109.87,109.89
2022-07-01,84705000,31625000,"ICEU","B2209",109.86,109.87,109.9
2022-07-01,84707000,31627000,"ICEU","B2209",109.86,109.87,109.89
2022-07-01,84717000,31637000,"ICEU","B2209",109.86,109.87,109.89
2022-07-01,84718000,31638000,"ICEU","B2209",109.86,109.87,109.89
2022-07-01,84719000,31639000,"ICEU","B2209",109.86,109.87,109.89
2022-07-01,84723000,31643000,"ICEU","B2209",109.86,109.87,109.89
2022-07-01,84727000,31647000,"ICEU","B2209",109.86,109.87,109.9
2022-07-01,84728000,31648000,"ICEU","B2209",109.86,109.87,109.9
2022-07-01,84730000,31650000,"ICEU","B2209",109.86,109.87,109.9
2022-07-01,84732000,31652000,"ICEU","B2209",109.86,109.87,109.9
2022-07-01,84735000,31655000,"ICEU","B2209",109.86,109.87,109.9
2022-07-01,84736000,31656000,"ICEU","B2209",109.86,109.87,109.9
2022-07-01,84737000,31657000,"ICEU","B2209",109.86,109.87,109.91
2022-07-01,84742000,31662000,"ICEU","B2209",109.86,109.87,109.9
2022-07-01,84743000,31663000,"ICEU","B2209",109.86,109.87,109.9
2022-07-01,84744000,31664000,"ICEU","B2209",109.86,109.87,109.9
2022-07-01,84747000,31667000,"ICEU","B2209",109.86,109.87,109.9
2022-07-01,84749000,31669000,"ICEU","B2209",109.86,109.87,109.91
2022-07-01,84754000,31674000,"ICEU","B2209",109.86,109.89,109.92
2022-07-01,84755000,31675000,"ICEU","B2209",109.86,109.89,109.92
2022-07-01,84759000,31679000,"ICEU","B2209",109.86,109.89,109.92
2022-07-01,84800000,31680000,"ICEU","B2209",109.86,109.89,109.92
2022-07-01,84801000,31681000,"ICEU","B2209",109.86,109.89,109.92
2022-07-01,84802000,31682000,"ICEU","B2209",109.86,109.89,109.91
2022-07-01,84803000,31683000,"ICEU","B2209",109.86,109.89,109.91
2022-07-01,84804000,31684000,"ICEU","B2209",109.86,109.89,109.91
2022-07-01,84805000,31685000,"ICEU","B2209",109.86,109.89,109.91
2022-07-01,84807000,31687000,"ICEU","B2209",109.86,109.89,109.91
2022-07-01,84809000,31689000,"ICEU","B2209",109.86,109.89,109.92
2022-07-01,84810000,31690000,"ICEU","B2209",109.86,109.89,109.92
2022-07-01,84812000,31692000,"ICEU","B2209",109.86,109.9,109.94
2022-07-01,84813000,31693000,"ICEU","B2209",109.86,109.91,109.95
2022-07-01,84814000,31694000,"ICEU","B2209",109.86,109.91,109.94
2022-07-01,84818000,31698000,"ICEU","B2209",109.86,109.91,109.94
2022-07-01,84819000,31699000,"ICEU","B2209",109.86,109.91,109.94
2022-07-01,84822000,31702000,"ICEU","B2209",109.86,109.91,109.95
2022-07-01,84823000,31703000,"ICEU","B2209",109.86,109.91,109.94
2022-07-01,84827000,31707000,"ICEU","B2209",109.86,109.91,109.94
2022-07-01,84828000,31708000,"ICEU","B2209",109.86,109.91,109.94
2022-07-01,84829000,31709000,"ICEU","B2209",109.86,109.91,109.94
2022-07-01,84834000,31714000,"ICEU","B2209",109.86,109.91,109.94
2022-07-01,84835000,31715000,"ICEU","B2209",109.86,109.91,109.95
2022-07-01,84837000,31717000,"ICEU","B2209",109.86,109.91,109.95
2022-07-01,84838000,31718000,"ICEU","B2209",109.86,109.93,109.95
2022-07-01,84840000,31720000,"ICEU","B2209",109.96,109.94,109.97
2022-07-01,84841000,31721000,"ICEU","B2209",109.96,109.94,109.97
2022-07-01,84844000,31724000,"ICEU","B2209",109.96,109.94,109.97
2022-07-01,84845000,31725000,"ICEU","B2209",109.96,109.94,109.97
2022-07-01,84846000,31726000,"ICEU","B2209",109.96,109.95,109.99
2022-07-01,84847000,31727000,"ICEU","B2209",109.96,109.95,109.99
2022-07-01,84849000,31729000,"ICEU","B2209",109.96,109.97,110
2022-07-01,84853000,31733000,"ICEU","B2209",109.96,109.97,110.01
2022-07-01,84854000,31734000,"ICEU","B2209",109.96,109.99,110.03
2022-07-01,84855000,31735000,"ICEU","B2209",110.03,110,110.03
2022-07-01,84856000,31736000,"ICEU","B2209",110.03,110.01,110.04
2022-07-01,84857000,31737000,"ICEU","B2209",110.03,110.01,110.04
2022-07-01,84858000,31738000,"ICEU","B2209",110.03,110.01,110.04
2022-07-01,84859000,31739000,"ICEU","B2209",110.03,110.01,110.04
2022-07-01,84900000,31740000,"ICEU","B2209",110.03,110.01,110.04
2022-07-01,84901000,31741000,"ICEU","B2209",110.03,110.01,110.04
2022-07-01,84902000,31742000,"ICEU","B2209",110.03,110.01,110.04
2022-07-01,84903000,31743000,"ICEU","B2209",110.03,110.01,110.04
2022-07-01,84904000,31744000,"ICEU","B2209",110.04,110.03,110.06
2022-07-01,84905000,31745000,"ICEU","B2209",110.04,110.03,110.05
2022-07-01,84908000,31748000,"ICEU","B2209",110.04,110.03,110.05
2022-07-01,84911000,31751000,"ICEU","B2209",110.03,110.03,110.05
2022-07-01,84914000,31754000,"ICEU","B2209",110.03,110.03,110.06
2022-07-01,84916000,31756000,"ICEU","B2209",110.03,110.03,110.06
2022-07-01,84917000,31757000,"ICEU","B2209",110.03,110.03,110.06
2022-07-01,84921000,31761000,"ICEU","B2209",110.03,110.03,110.06
2022-07-01,84922000,31762000,"ICEU","B2209",110.03,110.03,110.05
2022-07-01,84923000,31763000,"ICEU","B2209",110.03,110.03,110.05
2022-07-01,84924000,31764000,"ICEU","B2209",110.05,110.04,110.07
2022-07-01,84925000,31765000,"ICEU","B2209",110.05,110.04,110.07
2022-07-01,84927000,31767000,"ICEU","B2209",110.05,110.04,110.07
2022-07-01,84930000,31770000,"ICEU","B2209",110.05,110.04,110.07
2022-07-01,84932000,31772000,"ICEU","B2209",110.05,110.04,110.07
2022-07-01,84933000,31773000,"ICEU","B2209",110.05,110.04,110.07
2022-07-01,84935000,31775000,"ICEU","B2209",110.05,110.04,110.07
2022-07-01,84936000,31776000,"ICEU","B2209",110.05,110.05,110.08
2022-07-01,84937000,31777000,"ICEU","B2209",110.05,110.06,110.09
2022-07-01,84938000,31778000,"ICEU","B2209",110.09,110.06,110.1
2022-07-01,84939000,31779000,"ICEU","B2209",110.09,110.06,110.1
2022-07-01,84940000,31780000,"ICEU","B2209",110.09,110.06,110.1
2022-07-01,84941000,31781000,"ICEU","B2209",110.09,110.06,110.1
2022-07-01,84942000,31782000,"ICEU","B2209",110.09,110.06,110.1
2022-07-01,84943000,31783000,"ICEU","B2209",110.09,110.06,110.09
2022-07-01,84944000,31784000,"ICEU","B2209",110.09,110.06,110.09
2022-07-01,84945000,31785000,"ICEU","B2209",110.09,110.06,110.09
2022-07-01,84946000,31786000,"ICEU","B2209",110.09,110.06,110.08
2022-07-01,84947000,31787000,"ICEU","B2209",110.06,110.04,110.08
2022-07-01,84948000,31788000,"ICEU","B2209",110.06,110.04,110.08
2022-07-01,84949000,31789000,"ICEU","B2209",110.06,110.07,110.1
2022-07-01,84950000,31790000,"ICEU","B2209",110.06,110.08,110.11
2022-07-01,84951000,31791000,"ICEU","B2209",110.06,110.08,110.11
2022-07-01,84952000,31792000,"ICEU","B2209",110.11,110.1,110.12
2022-07-01,84953000,31793000,"ICEU","B2209",110.11,110.1,110.12
2022-07-01,84954000,31794000,"ICEU","B2209",110.1,110.09,110.12
2022-07-01,84956000,31796000,"ICEU","B2209",110.1,110.09,110.12
2022-07-01,84957000,31797000,"ICEU","B2209",110.1,110.09,110.11
2022-07-01,84959000,31799000,"ICEU","B2209",110.09,110.07,110.1
2022-07-01,8.5e+07,31800000,"ICEU","B2209",110.09,110.07,110.11
2022-07-01,85001000,31801000,"ICEU","B2209",110.09,110.08,110.11
2022-07-01,85002000,31802000,"ICEU","B2209",110.09,110.08,110.11
2022-07-01,85003000,31803000,"ICEU","B2209",110.09,110.08,110.11
2022-07-01,85004000,31804000,"ICEU","B2209",110.09,110.08,110.11
2022-07-01,85006000,31806000,"ICEU","B2209",110.09,110.08,110.11
2022-07-01,85008000,31808000,"ICEU","B2209",110.07,110.04,110.07
2022-07-01,85010000,31810000,"ICEU","B2209",110.07,110.05,110.07
2022-07-01,85012000,31812000,"ICEU","B2209",110.07,110.05,110.07
2022-07-01,85013000,31813000,"ICEU","B2209",110.07,110.05,110.07
2022-07-01,85014000,31814000,"ICEU","B2209",110.07,110.05,110.07
2022-07-01,85019000,31819000,"ICEU","B2209",110.07,110.05,110.07
2022-07-01,85020000,31820000,"ICEU","B2209",110.07,110.05,110.07
2022-07-01,85022000,31822000,"ICEU","B2209",110.07,110.05,110.07
2022-07-01,85023000,31823000,"ICEU","B2209",110.07,110.05,110.07
2022-07-01,85025000,31825000,"ICEU","B2209",110.07,110.06,110.09
2022-07-01,85028000,31828000,"ICEU","B2209",110.07,110.06,110.09
2022-07-01,85029000,31829000,"ICEU","B2209",110.07,110.06,110.09
2022-07-01,85038000,31838000,"ICEU","B2209",110.07,110.06,110.08
2022-07-01,85040000,31840000,"ICEU","B2209",110.07,110.06,110.09
2022-07-01,85041000,31841000,"ICEU","B2209",110.07,110.06,110.08
2022-07-01,85042000,31842000,"ICEU","B2209",110.07,110.06,110.08
2022-07-01,85043000,31843000,"ICEU","B2209",110.07,110.06,110.08
2022-07-01,85047000,31847000,"ICEU","B2209",110.07,110.06,110.08
2022-07-01,85048000,31848000,"ICEU","B2209",110.07,110.06,110.08
2022-07-01,85049000,31849000,"ICEU","B2209",110.06,110.06,110.07
2022-07-01,85052000,31852000,"ICEU","B2209",110.06,110.06,110.08
2022-07-01,85053000,31853000,"ICEU","B2209",110.06,110.06,110.08
2022-07-01,85056000,31856000,"ICEU","B2209",110.06,110.06,110.08
2022-07-01,85100000,31860000,"ICEU","B2209",110.05,110.03,110.06
2022-07-01,85102000,31862000,"ICEU","B2209",110.05,110.03,110.06
2022-07-01,85109000,31869000,"ICEU","B2209",110.05,110.03,110.06
2022-07-01,85110000,31870000,"ICEU","B2209",110.05,110.03,110.06
2022-07-01,85112000,31872000,"ICEU","B2209",110.05,110.03,110.06
2022-07-01,85113000,31873000,"ICEU","B2209",110.05,110.03,110.06
2022-07-01,85115000,31875000,"ICEU","B2209",110.05,110.03,110.06
2022-07-01,85116000,31876000,"ICEU","B2209",110.05,110.03,110.05
2022-07-01,85117000,31877000,"ICEU","B2209",110.01,110,110.03
2022-07-01,85118000,31878000,"ICEU","B2209",110.01,110,110.03
2022-07-01,85119000,31879000,"ICEU","B2209",110.01,110,110.03
2022-07-01,85121000,31881000,"ICEU","B2209",110.01,110,110.03
2022-07-01,85122000,31882000,"ICEU","B2209",110.01,110,110.02
2022-07-01,85123000,31883000,"ICEU","B2209",110.01,110,110.02
2022-07-01,85132000,31892000,"ICEU","B2209",110.02,110.03,110.06
2022-07-01,85135000,31895000,"ICEU","B2209",110.06,110.04,110.07
2022-07-01,85136000,31896000,"ICEU","B2209",110.06,110.04,110.07
2022-07-01,85137000,31897000,"ICEU","B2209",110.06,110.04,110.06
2022-07-01,85146000,31906000,"ICEU","B2209",110.06,110.04,110.06
2022-07-01,85153000,31913000,"ICEU","B2209",110.06,110.04,110.06
2022-07-01,85200000,31920000,"ICEU","B2209",110.06,110.04,110.06
2022-07-01,85202000,31922000,"ICEU","B2209",110.06,110.04,110.06
2022-07-01,85205000,31925000,"ICEU","B2209",110.04,110.03,110.05
2022-07-01,85210000,31930000,"ICEU","B2209",110.04,110.03,110.05
2022-07-01,85215000,31935000,"ICEU","B2209",110.04,110.03,110.05
2022-07-01,85220000,31940000,"ICEU","B2209",110.04,110.03,110.05
2022-07-01,85221000,31941000,"ICEU","B2209",110.04,110.03,110.05
2022-07-01,85223000,31943000,"ICEU","B2209",110.04,110.03,110.05
2022-07-01,85224000,31944000,"ICEU","B2209",110.04,110.03,110.05
2022-07-01,85240000,31960000,"ICEU","B2209",110.03,110.02,110.04
2022-07-01,85241000,31961000,"ICEU","B2209",110.04,110.02,110.05
2022-07-01,85246000,31966000,"ICEU","B2209",110.04,110.02,110.05
2022-07-01,85248000,31968000,"ICEU","B2209",110.04,110.02,110.05
2022-07-01,85251000,31971000,"ICEU","B2209",110.04,110.02,110.05
2022-07-01,85252000,31972000,"ICEU","B2209",110.04,110.04,110.06
2022-07-01,85253000,31973000,"ICEU","B2209",110.04,110.04,110.05
2022-07-01,85254000,31974000,"ICEU","B2209",110.04,110.02,110.05
2022-07-01,85255000,31975000,"ICEU","B2209",110.04,110.02,110.04
2022-07-01,85258000,31978000,"ICEU","B2209",110.04,110.02,110.04
2022-07-01,85300000,31980000,"ICEU","B2209",110.04,110.02,110.04
2022-07-01,85302000,31982000,"ICEU","B2209",110.04,110.02,110.04
2022-07-01,85304000,31984000,"ICEU","B2209",110.02,110.01,110.04
2022-07-01,85305000,31985000,"ICEU","B2209",110.02,110.01,110.04
2022-07-01,85310000,31990000,"ICEU","B2209",110.02,110.01,110.04
2022-07-01,85315000,31995000,"ICEU","B2209",110.02,110.01,110.04
2022-07-01,85316000,31996000,"ICEU","B2209",110.02,110.01,110.04
2022-07-01,85318000,31998000,"ICEU","B2209",110.02,110.01,110.04
2022-07-01,85323000,32003000,"ICEU","B2209",110.02,110.02,110.04
2022-07-01,85324000,32004000,"ICEU","B2209",110.02,110.02,110.04
2022-07-01,85325000,32005000,"ICEU","B2209",110.02,110.02,110.04
2022-07-01,85327000,32007000,"ICEU","B2209",110.02,110.02,110.04
2022-07-01,85343000,32023000,"ICEU","B2209",110.02,110.02,110.04
2022-07-01,85348000,32028000,"ICEU","B2209",110.02,110.02,110.04
2022-07-01,85350000,32030000,"ICEU","B2209",110.02,110.02,110.04
2022-07-01,85352000,32032000,"ICEU","B2209",110.02,110.02,110.04
2022-07-01,85359000,32039000,"ICEU","B2209",110.02,110.02,110.04
2022-07-01,85400000,32040000,"ICEU","B2209",110.02,110.02,110.04
2022-07-01,85404000,32044000,"ICEU","B2209",110.02,110.02,110.04
2022-07-01,85405000,32045000,"ICEU","B2209",110.02,110.02,110.04
2022-07-01,85406000,32046000,"ICEU","B2209",110.04,110.03,110.05
2022-07-01,85409000,32049000,"ICEU","B2209",110.05,110.04,110.06
2022-07-01,85410000,32050000,"ICEU","B2209",110.05,110.05,110.06
2022-07-01,85411000,32051000,"ICEU","B2209",110.05,110.04,110.06
2022-07-01,85414000,32054000,"ICEU","B2209",110.05,110.04,110.06
2022-07-01,85419000,32059000,"ICEU","B2209",110.04,110.03,110.05
2022-07-01,85421000,32061000,"ICEU","B2209",110.04,110.03,110.05
2022-07-01,85423000,32063000,"ICEU","B2209",110.04,110.03,110.05
2022-07-01,85424000,32064000,"ICEU","B2209",110.04,110.03,110.05
2022-07-01,85426000,32066000,"ICEU","B2209",110.04,110.03,110.06
2022-07-01,85427000,32067000,"ICEU","B2209",110.04,110.03,110.06
2022-07-01,85428000,32068000,"ICEU","B2209",110.04,110.04,110.06
2022-07-01,85430000,32070000,"ICEU","B2209",110.04,110.04,110.05
2022-07-01,85431000,32071000,"ICEU","B2209",110.04,110.04,110.05
2022-07-01,85432000,32072000,"ICEU","B2209",110.04,110.04,110.05
2022-07-01,85433000,32073000,"ICEU","B2209",110.05,110.05,110.06
2022-07-01,85435000,32075000,"ICEU","B2209",110.05,110.05,110.06
2022-07-01,85438000,32078000,"ICEU","B2209",110.05,110.04,110.05
2022-07-01,85440000,32080000,"ICEU","B2209",110.05,110.04,110.06
2022-07-01,85442000,32082000,"ICEU","B2209",110.05,110.04,110.05
2022-07-01,85443000,32083000,"ICEU","B2209",110.05,110.04,110.05
2022-07-01,85444000,32084000,"ICEU","B2209",110.05,110.04,110.05
2022-07-01,85445000,32085000,"ICEU","B2209",110.04,110.03,110.05
2022-07-01,85502000,32102000,"ICEU","B2209",110.04,110.03,110.05
2022-07-01,85504000,32104000,"ICEU","B2209",110.04,110.03,110.05
2022-07-01,85505000,32105000,"ICEU","B2209",110.04,110.03,110.05
2022-07-01,85506000,32106000,"ICEU","B2209",110,110,110.02
2022-07-01,85510000,32110000,"ICEU","B2209",110,110,110.02
2022-07-01,85512000,32112000,"ICEU","B2209",110,110,110.02
2022-07-01,85513000,32113000,"ICEU","B2209",110,110,110.02
2022-07-01,85518000,32118000,"ICEU","B2209",110,110,110.02
2022-07-01,85523000,32123000,"ICEU","B2209",110,110,110.02
2022-07-01,85525000,32125000,"ICEU","B2209",110,110.01,110.03
2022-07-01,85526000,32126000,"ICEU","B2209",110,110.01,110.03
2022-07-01,85528000,32128000,"ICEU","B2209",110,110.01,110.03
2022-07-01,85529000,32129000,"ICEU","B2209",110,110.01,110.03
2022-07-01,85531000,32131000,"ICEU","B2209",110,110.01,110.03
2022-07-01,85533000,32133000,"ICEU","B2209",110,110.01,110.03
2022-07-01,85535000,32135000,"ICEU","B2209",110,110.01,110.03
2022-07-01,85536000,32136000,"ICEU","B2209",110.01,110,110.02
2022-07-01,85539000,32139000,"ICEU","B2209",110.01,110,110.02
2022-07-01,85541000,32141000,"ICEU","B2209",110.01,110,110.02
2022-07-01,85542000,32142000,"ICEU","B2209",110.01,110,110.01
2022-07-01,85548000,32148000,"ICEU","B2209",110.01,110,110.01
2022-07-01,85549000,32149000,"ICEU","B2209",110.01,110,110.01
2022-07-01,85550000,32150000,"ICEU","B2209",110.01,110,110.02
2022-07-01,85556000,32156000,"ICEU","B2209",110.01,110,110.03
2022-07-01,85557000,32157000,"ICEU","B2209",110.01,110,110.03
2022-07-01,85558000,32158000,"ICEU","B2209",110.04,110.05,110.07
2022-07-01,85559000,32159000,"ICEU","B2209",110.04,110.05,110.07
2022-07-01,85600000,32160000,"ICEU","B2209",110.05,110.05,110.07
2022-07-01,85601000,32161000,"ICEU","B2209",110.05,110.05,110.07
2022-07-01,85602000,32162000,"ICEU","B2209",110.05,110.05,110.07
2022-07-01,85603000,32163000,"ICEU","B2209",110.05,110.05,110.07
2022-07-01,85604000,32164000,"ICEU","B2209",110.05,110.05,110.07
2022-07-01,85608000,32168000,"ICEU","B2209",110.05,110.05,110.07
2022-07-01,85609000,32169000,"ICEU","B2209",110.05,110.05,110.06
2022-07-01,85612000,32172000,"ICEU","B2209",110.05,110.04,110.06
2022-07-01,85617000,32177000,"ICEU","B2209",110.05,110.04,110.06
2022-07-01,85618000,32178000,"ICEU","B2209",110.05,110.04,110.05
2022-07-01,85619000,32179000,"ICEU","B2209",110.03,110.03,110.05
2022-07-01,85621000,32181000,"ICEU","B2209",110.03,110,110.03
2022-07-01,85622000,32182000,"ICEU","B2209",110.03,110,110.03
2022-07-01,85623000,32183000,"ICEU","B2209",110.03,110.01,110.03
2022-07-01,85624000,32184000,"ICEU","B2209",110.03,110.01,110.04
2022-07-01,85627000,32187000,"ICEU","B2209",110.03,110.01,110.04
2022-07-01,85632000,32192000,"ICEU","B2209",110.03,110.02,110.04
2022-07-01,85642000,32202000,"ICEU","B2209",110.03,110.02,110.04
2022-07-01,85643000,32203000,"ICEU","B2209",110.03,110.02,110.03
2022-07-01,85646000,32206000,"ICEU","B2209",110.02,110.01,110.02
2022-07-01,85647000,32207000,"ICEU","B2209",110.02,110.01,110.03
2022-07-01,85648000,32208000,"ICEU","B2209",110.02,110.02,110.04
2022-07-01,85650000,32210000,"ICEU","B2209",110.02,110.02,110.04
2022-07-01,85651000,32211000,"ICEU","B2209",110.02,110.02,110.03
2022-07-01,85654000,32214000,"ICEU","B2209",110.02,110.02,110.03
2022-07-01,85656000,32216000,"ICEU","B2209",110.02,110.01,110.02
2022-07-01,85657000,32217000,"ICEU","B2209",110.02,110.01,110.03
2022-07-01,85700000,32220000,"ICEU","B2209",110.02,110.01,110.03
2022-07-01,85701000,32221000,"ICEU","B2209",110.02,110.01,110.03
2022-07-01,85702000,32222000,"ICEU","B2209",110,109.99,110.01
2022-07-01,85703000,32223000,"ICEU","B2209",109.99,109.99,110
2022-07-01,85704000,32224000,"ICEU","B2209",110.02,110,110.02
2022-07-01,85708000,32228000,"ICEU","B2209",110.02,110,110.02
2022-07-01,85710000,32230000,"ICEU","B2209",110.02,110,110.02
2022-07-01,85711000,32231000,"ICEU","B2209",110.02,110.01,110.03
2022-07-01,85713000,32233000,"ICEU","B2209",110.02,110.01,110.03
2022-07-01,85716000,32236000,"ICEU","B2209",110.02,110.01,110.03
2022-07-01,85718000,32238000,"ICEU","B2209",110.02,110.01,110.03
2022-07-01,85721000,32241000,"ICEU","B2209",110.02,110.01,110.03
2022-07-01,85724000,32244000,"ICEU","B2209",110.02,110.01,110.03
2022-07-01,85727000,32247000,"ICEU","B2209",110.05,110.04,110.06
2022-07-01,85728000,32248000,"ICEU","B2209",110.05,110.04,110.06
2022-07-01,85733000,32253000,"ICEU","B2209",110.04,110.04,110.06
2022-07-01,85737000,32257000,"ICEU","B2209",110.04,110.04,110.06
2022-07-01,85738000,32258000,"ICEU","B2209",110.04,110.04,110.07
2022-07-01,85740000,32260000,"ICEU","B2209",110.04,110.05,110.07
2022-07-01,85742000,32262000,"ICEU","B2209",110.04,110.05,110.07
2022-07-01,85746000,32266000,"ICEU","B2209",110.04,110.05,110.07
2022-07-01,85748000,32268000,"ICEU","B2209",110.05,110.04,110.06
2022-07-01,85749000,32269000,"ICEU","B2209",110.05,110.04,110.06
2022-07-01,85750000,32270000,"ICEU","B2209",110.04,110.03,110.05
2022-07-01,85755000,32275000,"ICEU","B2209",110.03,110,110.03
2022-07-01,85756000,32276000,"ICEU","B2209",110.03,110,110.02
2022-07-01,85759000,32279000,"ICEU","B2209",110.03,110,110.02
2022-07-01,85800000,32280000,"ICEU","B2209",110.03,110,110.03
2022-07-01,85801000,32281000,"ICEU","B2209",110.03,110,110.02
2022-07-01,85803000,32283000,"ICEU","B2209",110.03,110,110.02
2022-07-01,85805000,32285000,"ICEU","B2209",110.03,110,110.03
2022-07-01,85808000,32288000,"ICEU","B2209",110.03,110,110.03
2022-07-01,85811000,32291000,"ICEU","B2209",110.03,110,110.03
2022-07-01,85819000,32299000,"ICEU","B2209",110.03,110,110.03
2022-07-01,85820000,32300000,"ICEU","B2209",110.02,110,110.03
2022-07-01,85822000,32302000,"ICEU","B2209",110.02,110,110.03
2022-07-01,85825000,32305000,"ICEU","B2209",110.02,110,110.02
2022-07-01,85826000,32306000,"ICEU","B2209",110.02,110,110.02
2022-07-01,85827000,32307000,"ICEU","B2209",110.02,110,110.02
2022-07-01,85830000,32310000,"ICEU","B2209",110.02,110,110.02
2022-07-01,85847000,32327000,"ICEU","B2209",110.02,110,110.03
2022-07-01,85850000,32330000,"ICEU","B2209",110.02,110,110.03
2022-07-01,85851000,32331000,"ICEU","B2209",110.02,110,110.02
2022-07-01,85852000,32332000,"ICEU","B2209",110.02,110,110.02
2022-07-01,85854000,32334000,"ICEU","B2209",110.02,110,110.03
2022-07-01,85856000,32336000,"ICEU","B2209",110.02,110,110.02
2022-07-01,85857000,32337000,"ICEU","B2209",110.02,110,110.03
2022-07-01,85858000,32338000,"ICEU","B2209",110.02,110.02,110.04
2022-07-01,85900000,32340000,"ICEU","B2209",110.02,110.02,110.04
2022-07-01,85901000,32341000,"ICEU","B2209",110.02,110.02,110.04
2022-07-01,85902000,32342000,"ICEU","B2209",110.02,110.01,110.03
2022-07-01,85904000,32344000,"ICEU","B2209",110.02,110.01,110.03
2022-07-01,85905000,32345000,"ICEU","B2209",110.02,110.01,110.03
2022-07-01,85907000,32347000,"ICEU","B2209",110.02,110.01,110.03
2022-07-01,85908000,32348000,"ICEU","B2209",110.02,110.01,110.03
2022-07-01,85909000,32349000,"ICEU","B2209",110.02,110.01,110.03
2022-07-01,85910000,32350000,"ICEU","B2209",110.02,110.01,110.03
2022-07-01,85911000,32351000,"ICEU","B2209",110.02,110.02,110.03
2022-07-01,85912000,32352000,"ICEU","B2209",110.03,110.02,110.04
2022-07-01,85913000,32353000,"ICEU","B2209",110.03,110.03,110.05
2022-07-01,85914000,32354000,"ICEU","B2209",110.03,110.03,110.05
2022-07-01,85915000,32355000,"ICEU","B2209",110.03,110.03,110.05
2022-07-01,85921000,32361000,"ICEU","B2209",110.03,110.02,110.04
2022-07-01,85925000,32365000,"ICEU","B2209",110.03,110.02,110.04
2022-07-01,85929000,32369000,"ICEU","B2209",110.03,110.02,110.04
2022-07-01,85930000,32370000,"ICEU","B2209",110.03,110.02,110.04
2022-07-01,85932000,32372000,"ICEU","B2209",110.04,110.02,110.05
2022-07-01,85935000,32375000,"ICEU","B2209",110.03,110.03,110.05
2022-07-01,85940000,32380000,"ICEU","B2209",110.03,110.02,110.04
2022-07-01,85941000,32381000,"ICEU","B2209",110.03,110.02,110.04
2022-07-01,85943000,32383000,"ICEU","B2209",110.03,110.02,110.04
2022-07-01,85945000,32385000,"ICEU","B2209",110.03,110.02,110.04
2022-07-01,85947000,32387000,"ICEU","B2209",110.04,110.03,110.05
2022-07-01,85948000,32388000,"ICEU","B2209",110.04,110.04,110.05
2022-07-01,85950000,32390000,"ICEU","B2209",110.02,110.02,110.04
2022-07-01,85951000,32391000,"ICEU","B2209",110.02,110.02,110.04
2022-07-01,85952000,32392000,"ICEU","B2209",110.02,110.02,110.04
2022-07-01,85953000,32393000,"ICEU","B2209",110.02,110.02,110.04
2022-07-01,85954000,32394000,"ICEU","B2209",110.02,110.02,110.04
2022-07-01,85956000,32396000,"ICEU","B2209",110.02,110.02,110.04
2022-07-01,85958000,32398000,"ICEU","B2209",110.02,110.02,110.04
2022-07-01,85959000,32399000,"ICEU","B2209",110.02,110.02,110.05
2022-07-01,9e+07,32400000,"ICEU","B2209",110.01,110,110.02
2022-07-01,90001000,32401000,"ICEU","B2209",109.99,109.98,109.99
2022-07-01,90002000,32402000,"ICEU","B2209",110.02,109.99,110.02
2022-07-01,90003000,32403000,"ICEU","B2209",110.01,109.99,110.01
2022-07-01,90004000,32404000,"ICEU","B2209",109.96,109.96,109.97
2022-07-01,90005000,32405000,"ICEU","B2209",109.96,109.95,109.98
2022-07-01,90006000,32406000,"ICEU","B2209",109.99,109.97,109.99
2022-07-01,90007000,32407000,"ICEU","B2209",109.99,109.94,109.97
2022-07-01,90008000,32408000,"ICEU","B2209",109.94,109.91,109.93
2022-07-01,90009000,32409000,"ICEU","B2209",109.87,109.86,109.88
2022-07-01,90010000,32410000,"ICEU","B2209",109.85,109.84,109.87
2022-07-01,90011000,32411000,"ICEU","B2209",109.86,109.85,109.86
2022-07-01,90012000,32412000,"ICEU","B2209",109.86,109.85,109.87
2022-07-01,90013000,32413000,"ICEU","B2209",109.89,109.92,109.94
2022-07-01,90014000,32414000,"ICEU","B2209",109.94,109.93,109.96
2022-07-01,90015000,32415000,"ICEU","B2209",109.97,109.94,109.96
2022-07-01,90016000,32416000,"ICEU","B2209",109.94,109.93,109.94
2022-07-01,90017000,32417000,"ICEU","B2209",109.94,109.91,109.93
2022-07-01,90018000,32418000,"ICEU","B2209",109.91,109.89,109.91
2022-07-01,90019000,32419000,"ICEU","B2209",109.91,109.9,109.92
2022-07-01,90020000,32420000,"ICEU","B2209",109.96,109.96,109.99
2022-07-01,90021000,32421000,"ICEU","B2209",109.98,109.96,109.99
2022-07-01,90022000,32422000,"ICEU","B2209",109.98,109.94,109.96
2022-07-01,90023000,32423000,"ICEU","B2209",109.98,109.94,109.96
2022-07-01,90024000,32424000,"ICEU","B2209",109.98,109.94,109.96
2022-07-01,90025000,32425000,"ICEU","B2209",109.99,109.98,110.01
2022-07-01,90026000,32426000,"ICEU","B2209",109.99,109.99,110.02
2022-07-01,90027000,32427000,"ICEU","B2209",109.99,110,110.03
2022-07-01,90028000,32428000,"ICEU","B2209",109.99,110,110.03
2022-07-01,90029000,32429000,"ICEU","B2209",109.99,109.99,110.02
2022-07-01,90030000,32430000,"ICEU","B2209",109.99,109.99,110.02
2022-07-01,90031000,32431000,"ICEU","B2209",109.99,109.98,110.02
2022-07-01,90032000,32432000,"ICEU","B2209",109.99,109.98,110.02
2022-07-01,90033000,32433000,"ICEU","B2209",109.99,109.99,110.02
2022-07-01,90034000,32434000,"ICEU","B2209",109.99,110,110.03
2022-07-01,90035000,32435000,"ICEU","B2209",109.99,110,110.02
2022-07-01,90036000,32436000,"ICEU","B2209",109.99,110,110.02
2022-07-01,90037000,32437000,"ICEU","B2209",109.99,109.99,110.01
2022-07-01,90038000,32438000,"ICEU","B2209",109.99,109.99,110.01
2022-07-01,90039000,32439000,"ICEU","B2209",109.99,109.99,110.02
2022-07-01,90040000,32440000,"ICEU","B2209",109.99,109.99,110.02
2022-07-01,90041000,32441000,"ICEU","B2209",110,109.99,110.01
2022-07-01,90042000,32442000,"ICEU","B2209",110.01,110,110.02
2022-07-01,90043000,32443000,"ICEU","B2209",110.01,110,110.02
2022-07-01,90044000,32444000,"ICEU","B2209",110.02,110,110.03
2022-07-01,90045000,32445000,"ICEU","B2209",110.02,109.99,110.01
2022-07-01,90047000,32447000,"ICEU","B2209",110.02,109.99,110.01
2022-07-01,90048000,32448000,"ICEU","B2209",109.99,109.99,110.01
2022-07-01,90049000,32449000,"ICEU","B2209",109.99,109.99,110.01
2022-07-01,90050000,32450000,"ICEU","B2209",109.99,109.99,110
2022-07-01,90051000,32451000,"ICEU","B2209",109.99,109.99,110
2022-07-01,90052000,32452000,"ICEU","B2209",109.99,109.99,110
2022-07-01,90053000,32453000,"ICEU","B2209",110.01,110.01,110.02
2022-07-01,90054000,32454000,"ICEU","B2209",110.02,110,110.03
2022-07-01,90055000,32455000,"ICEU","B2209",110.02,110,110.03
2022-07-01,90057000,32457000,"ICEU","B2209",110.02,110,110.03
2022-07-01,90100000,32460000,"ICEU","B2209",110.01,110,110.03
2022-07-01,90101000,32461000,"ICEU","B2209",110.01,110,110.03
2022-07-01,90102000,32462000,"ICEU","B2209",110.01,109.99,110.02
2022-07-01,90103000,32463000,"ICEU","B2209",110.01,109.99,110.01
2022-07-01,90104000,32464000,"ICEU","B2209",110,109.99,110.01
2022-07-01,90105000,32465000,"ICEU","B2209",110,109.99,110.01
2022-07-01,90106000,32466000,"ICEU","B2209",110,109.99,110.01
2022-07-01,90107000,32467000,"ICEU","B2209",109.97,109.9,109.93
2022-07-01,90108000,32468000,"ICEU","B2209",109.9,109.89,109.92
2022-07-01,90109000,32469000,"ICEU","B2209",109.92,109.93,109.96
2022-07-01,90110000,32470000,"ICEU","B2209",109.92,109.89,109.92
2022-07-01,90111000,32471000,"ICEU","B2209",109.92,109.88,109.91
2022-07-01,90112000,32472000,"ICEU","B2209",109.92,109.89,109.91
2022-07-01,90113000,32473000,"ICEU","B2209",109.92,109.89,109.91
2022-07-01,90114000,32474000,"ICEU","B2209",109.92,109.85,109.88
2022-07-01,90115000,32475000,"ICEU","B2209",109.85,109.82,109.84
2022-07-01,90116000,32476000,"ICEU","B2209",109.84,109.84,109.87
2022-07-01,90117000,32477000,"ICEU","B2209",109.84,109.84,109.87
2022-07-01,90118000,32478000,"ICEU","B2209",109.87,109.86,109.88
2022-07-01,90119000,32479000,"ICEU","B2209",109.88,109.86,109.89
2022-07-01,90120000,32480000,"ICEU","B2209",109.88,109.83,109.86
2022-07-01,90121000,32481000,"ICEU","B2209",109.88,109.83,109.85
2022-07-01,90122000,32482000,"ICEU","B2209",109.8,109.77,109.81
2022-07-01,90123000,32483000,"ICEU","B2209",109.8,109.79,109.81
2022-07-01,90124000,32484000,"ICEU","B2209",109.8,109.78,109.81
2022-07-01,90125000,32485000,"ICEU","B2209",109.8,109.78,109.8
2022-07-01,90126000,32486000,"ICEU","B2209",109.79,109.76,109.79
2022-07-01,90127000,32487000,"ICEU","B2209",109.79,109.77,109.79
2022-07-01,90128000,32488000,"ICEU","B2209",109.79,109.77,109.79
2022-07-01,90129000,32489000,"ICEU","B2209",109.79,109.77,109.79
2022-07-01,90130000,32490000,"ICEU","B2209",109.77,109.75,109.77
2022-07-01,90131000,32491000,"ICEU","B2209",109.75,109.74,109.76
2022-07-01,90132000,32492000,"ICEU","B2209",109.73,109.73,109.76
2022-07-01,90133000,32493000,"ICEU","B2209",109.73,109.73,109.76
2022-07-01,90134000,32494000,"ICEU","B2209",109.73,109.74,109.75
2022-07-01,90135000,32495000,"ICEU","B2209",109.73,109.73,109.75
2022-07-01,90136000,32496000,"ICEU","B2209",109.76,109.76,109.78
2022-07-01,90137000,32497000,"ICEU","B2209",109.76,109.76,109.78
2022-07-01,90138000,32498000,"ICEU","B2209",109.76,109.76,109.78
2022-07-01,90139000,32499000,"ICEU","B2209",109.76,109.74,109.76
2022-07-01,90140000,32500000,"ICEU","B2209",109.76,109.74,109.77
2022-07-01,90141000,32501000,"ICEU","B2209",109.76,109.73,109.75
2022-07-01,90142000,32502000,"ICEU","B2209",109.76,109.73,109.75
2022-07-01,90143000,32503000,"ICEU","B2209",109.76,109.71,109.73
2022-07-01,90144000,32504000,"ICEU","B2209",109.7,109.7,109.73
2022-07-01,90145000,32505000,"ICEU","B2209",109.7,109.69,109.72
2022-07-01,90146000,32506000,"ICEU","B2209",109.7,109.7,109.72
2022-07-01,90147000,32507000,"ICEU","B2209",109.72,109.71,109.73
2022-07-01,90148000,32508000,"ICEU","B2209",109.73,109.71,109.74
2022-07-01,90149000,32509000,"ICEU","B2209",109.7,109.68,109.71
2022-07-01,90150000,32510000,"ICEU","B2209",109.7,109.68,109.71
2022-07-01,90152000,32512000,"ICEU","B2209",109.7,109.68,109.7
2022-07-01,90153000,32513000,"ICEU","B2209",109.72,109.73,109.75
2022-07-01,90154000,32514000,"ICEU","B2209",109.72,109.72,109.75
2022-07-01,90155000,32515000,"ICEU","B2209",109.73,109.7,109.73
2022-07-01,90156000,32516000,"ICEU","B2209",109.73,109.72,109.75
2022-07-01,90157000,32517000,"ICEU","B2209",109.74,109.72,109.75
2022-07-01,90158000,32518000,"ICEU","B2209",109.74,109.72,109.75
2022-07-01,90159000,32519000,"ICEU","B2209",109.74,109.72,109.74
2022-07-01,90200000,32520000,"ICEU","B2209",109.7,109.7,109.73
2022-07-01,90201000,32521000,"ICEU","B2209",109.7,109.67,109.7
2022-07-01,90202000,32522000,"ICEU","B2209",109.72,109.69,109.72
2022-07-01,90203000,32523000,"ICEU","B2209",109.72,109.7,109.73
2022-07-01,90204000,32524000,"ICEU","B2209",109.72,109.68,109.7
2022-07-01,90205000,32525000,"ICEU","B2209",109.72,109.68,109.7
2022-07-01,90206000,32526000,"ICEU","B2209",109.7,109.7,109.72
2022-07-01,90207000,32527000,"ICEU","B2209",109.7,109.69,109.72
2022-07-01,90209000,32529000,"ICEU","B2209",109.7,109.69,109.72
2022-07-01,90211000,32531000,"ICEU","B2209",109.7,109.69,109.72
2022-07-01,90212000,32532000,"ICEU","B2209",109.7,109.69,109.72
2022-07-01,90213000,32533000,"ICEU","B2209",109.71,109.71,109.73
2022-07-01,90214000,32534000,"ICEU","B2209",109.71,109.7,109.73
2022-07-01,90215000,32535000,"ICEU","B2209",109.71,109.7,109.73
2022-07-01,90216000,32536000,"ICEU","B2209",109.71,109.7,109.73
2022-07-01,90217000,32537000,"ICEU","B2209",109.7,109.7,109.72
2022-07-01,90218000,32538000,"ICEU","B2209",109.7,109.7,109.72
2022-07-01,90219000,32539000,"ICEU","B2209",109.73,109.72,109.76
2022-07-01,90220000,32540000,"ICEU","B2209",109.73,109.72,109.75
2022-07-01,90221000,32541000,"ICEU","B2209",109.73,109.72,109.75
2022-07-01,90222000,32542000,"ICEU","B2209",109.73,109.72,109.75
2022-07-01,90223000,32543000,"ICEU","B2209",109.75,109.73,109.76
2022-07-01,90224000,32544000,"ICEU","B2209",109.76,109.73,109.76
2022-07-01,90225000,32545000,"ICEU","B2209",109.76,109.73,109.76
2022-07-01,90226000,32546000,"ICEU","B2209",109.76,109.73,109.76
2022-07-01,90227000,32547000,"ICEU","B2209",109.76,109.75,109.78
2022-07-01,90228000,32548000,"ICEU","B2209",109.76,109.75,109.78
2022-07-01,90229000,32549000,"ICEU","B2209",109.76,109.75,109.78
2022-07-01,90230000,32550000,"ICEU","B2209",109.76,109.75,109.78
2022-07-01,90231000,32551000,"ICEU","B2209",109.76,109.75,109.78
2022-07-01,90232000,32552000,"ICEU","B2209",109.76,109.75,109.78
2022-07-01,90233000,32553000,"ICEU","B2209",109.76,109.77,109.79
2022-07-01,90234000,32554000,"ICEU","B2209",109.77,109.75,109.79
2022-07-01,90235000,32555000,"ICEU","B2209",109.77,109.74,109.77
2022-07-01,90236000,32556000,"ICEU","B2209",109.77,109.74,109.77
2022-07-01,90237000,32557000,"ICEU","B2209",109.77,109.73,109.76
2022-07-01,90238000,32558000,"ICEU","B2209",109.77,109.74,109.77
2022-07-01,90239000,32559000,"ICEU","B2209",109.77,109.73,109.76
2022-07-01,90240000,32560000,"ICEU","B2209",109.73,109.73,109.76
2022-07-01,90241000,32561000,"ICEU","B2209",109.73,109.71,109.72
2022-07-01,90242000,32562000,"ICEU","B2209",109.73,109.7,109.72
2022-07-01,90243000,32563000,"ICEU","B2209",109.72,109.71,109.74
2022-07-01,90244000,32564000,"ICEU","B2209",109.72,109.71,109.74
2022-07-01,90245000,32565000,"ICEU","B2209",109.73,109.74,109.77
2022-07-01,90247000,32567000,"ICEU","B2209",109.73,109.73,109.76
2022-07-01,90248000,32568000,"ICEU","B2209",109.73,109.75,109.79
2022-07-01,90249000,32569000,"ICEU","B2209",109.75,109.73,109.76
2022-07-01,90250000,32570000,"ICEU","B2209",109.74,109.74,109.75
2022-07-01,90251000,32571000,"ICEU","B2209",109.73,109.7,109.72
2022-07-01,90252000,32572000,"ICEU","B2209",109.73,109.7,109.72
2022-07-01,90253000,32573000,"ICEU","B2209",109.72,109.7,109.73
2022-07-01,90254000,32574000,"ICEU","B2209",109.7,109.7,109.72
2022-07-01,90255000,32575000,"ICEU","B2209",109.7,109.7,109.73
2022-07-01,90256000,32576000,"ICEU","B2209",109.72,109.71,109.74
2022-07-01,90257000,32577000,"ICEU","B2209",109.71,109.7,109.74
2022-07-01,90258000,32578000,"ICEU","B2209",109.74,109.72,109.75
2022-07-01,90259000,32579000,"ICEU","B2209",109.72,109.71,109.74
2022-07-01,90300000,32580000,"ICEU","B2209",109.71,109.71,109.73
2022-07-01,90301000,32581000,"ICEU","B2209",109.72,109.69,109.72
2022-07-01,90302000,32582000,"ICEU","B2209",109.72,109.69,109.71
2022-07-01,90303000,32583000,"ICEU","B2209",109.68,109.66,109.68
2022-07-01,90304000,32584000,"ICEU","B2209",109.65,109.63,109.66
2022-07-01,90305000,32585000,"ICEU","B2209",109.64,109.62,109.64
2022-07-01,90306000,32586000,"ICEU","B2209",109.62,109.62,109.64
2022-07-01,90307000,32587000,"ICEU","B2209",109.62,109.61,109.64
2022-07-01,90308000,32588000,"ICEU","B2209",109.62,109.6,109.63
2022-07-01,90309000,32589000,"ICEU","B2209",109.62,109.6,109.63
2022-07-01,90310000,32590000,"ICEU","B2209",109.62,109.58,109.6
2022-07-01,90311000,32591000,"ICEU","B2209",109.58,109.57,109.6
2022-07-01,90312000,32592000,"ICEU","B2209",109.57,109.57,109.6
2022-07-01,90313000,32593000,"ICEU","B2209",109.56,109.55,109.58
2022-07-01,90314000,32594000,"ICEU","B2209",109.56,109.55,109.58
2022-07-01,90315000,32595000,"ICEU","B2209",109.56,109.55,109.57
2022-07-01,90316000,32596000,"ICEU","B2209",109.56,109.55,109.58
2022-07-01,90317000,32597000,"ICEU","B2209",109.55,109.53,109.56
2022-07-01,90318000,32598000,"ICEU","B2209",109.53,109.53,109.56
2022-07-01,90319000,32599000,"ICEU","B2209",109.53,109.53,109.55
2022-07-01,90320000,32600000,"ICEU","B2209",109.53,109.53,109.55
2022-07-01,90321000,32601000,"ICEU","B2209",109.51,109.49,109.51
2022-07-01,90322000,32602000,"ICEU","B2209",109.51,109.48,109.51
2022-07-01,90323000,32603000,"ICEU","B2209",109.49,109.47,109.5
2022-07-01,90324000,32604000,"ICEU","B2209",109.49,109.47,109.5
2022-07-01,90325000,32605000,"ICEU","B2209",109.48,109.46,109.49
2022-07-01,90326000,32606000,"ICEU","B2209",109.48,109.47,109.5
2022-07-01,90327000,32607000,"ICEU","B2209",109.5,109.47,109.5
2022-07-01,90328000,32608000,"ICEU","B2209",109.5,109.48,109.52
2022-07-01,90329000,32609000,"ICEU","B2209",109.5,109.49,109.51
2022-07-01,90330000,32610000,"ICEU","B2209",109.5,109.47,109.5
2022-07-01,90331000,32611000,"ICEU","B2209",109.48,109.47,109.48
2022-07-01,90332000,32612000,"ICEU","B2209",109.47,109.45,109.48
2022-07-01,90333000,32613000,"ICEU","B2209",109.47,109.44,109.47
2022-07-01,90334000,32614000,"ICEU","B2209",109.47,109.45,109.47
2022-07-01,90335000,32615000,"ICEU","B2209",109.47,109.46,109.49
2022-07-01,90336000,32616000,"ICEU","B2209",109.46,109.44,109.48
2022-07-01,90337000,32617000,"ICEU","B2209",109.46,109.45,109.48
2022-07-01,90338000,32618000,"ICEU","B2209",109.46,109.46,109.49
2022-07-01,90339000,32619000,"ICEU","B2209",109.46,109.46,109.49
2022-07-01,90340000,32620000,"ICEU","B2209",109.46,109.47,109.5
2022-07-01,90341000,32621000,"ICEU","B2209",109.46,109.47,109.5
2022-07-01,90342000,32622000,"ICEU","B2209",109.46,109.47,109.5
2022-07-01,90343000,32623000,"ICEU","B2209",109.46,109.47,109.5
2022-07-01,90344000,32624000,"ICEU","B2209",109.46,109.47,109.5
2022-07-01,90345000,32625000,"ICEU","B2209",109.46,109.46,109.5
2022-07-01,90346000,32626000,"ICEU","B2209",109.46,109.46,109.5
2022-07-01,90347000,32627000,"ICEU","B2209",109.46,109.46,109.5
2022-07-01,90348000,32628000,"ICEU","B2209",109.46,109.46,109.5
2022-07-01,90349000,32629000,"ICEU","B2209",109.46,109.46,109.49
2022-07-01,90350000,32630000,"ICEU","B2209",109.44,109.46,109.49
2022-07-01,90351000,32631000,"ICEU","B2209",109.44,109.47,109.5
2022-07-01,90352000,32632000,"ICEU","B2209",109.44,109.48,109.51
2022-07-01,90353000,32633000,"ICEU","B2209",109.44,109.48,109.5
2022-07-01,90354000,32634000,"ICEU","B2209",109.5,109.48,109.51
2022-07-01,90355000,32635000,"ICEU","B2209",109.48,109.46,109.49
2022-07-01,90356000,32636000,"ICEU","B2209",109.48,109.46,109.49
2022-07-01,90357000,32637000,"ICEU","B2209",109.48,109.46,109.49
2022-07-01,90358000,32638000,"ICEU","B2209",109.48,109.47,109.5
2022-07-01,90359000,32639000,"ICEU","B2209",109.48,109.47,109.5
2022-07-01,90400000,32640000,"ICEU","B2209",109.49,109.48,109.51
2022-07-01,90401000,32641000,"ICEU","B2209",109.49,109.47,109.49
2022-07-01,90402000,32642000,"ICEU","B2209",109.49,109.49,109.52
2022-07-01,90403000,32643000,"ICEU","B2209",109.49,109.5,109.53
2022-07-01,90404000,32644000,"ICEU","B2209",109.57,109.53,109.56
2022-07-01,90405000,32645000,"ICEU","B2209",109.52,109.5,109.54
2022-07-01,90406000,32646000,"ICEU","B2209",109.52,109.5,109.53
2022-07-01,90407000,32647000,"ICEU","B2209",109.52,109.49,109.53
2022-07-01,90408000,32648000,"ICEU","B2209",109.52,109.5,109.53
2022-07-01,90409000,32649000,"ICEU","B2209",109.52,109.51,109.54
2022-07-01,90411000,32651000,"ICEU","B2209",109.52,109.51,109.54
2022-07-01,90412000,32652000,"ICEU","B2209",109.49,109.46,109.48
2022-07-01,90413000,32653000,"ICEU","B2209",109.45,109.44,109.47
2022-07-01,90414000,32654000,"ICEU","B2209",109.43,109.42,109.45
2022-07-01,90415000,32655000,"ICEU","B2209",109.45,109.44,109.46
2022-07-01,90416000,32656000,"ICEU","B2209",109.45,109.44,109.47
2022-07-01,90417000,32657000,"ICEU","B2209",109.43,109.42,109.46
2022-07-01,90418000,32658000,"ICEU","B2209",109.46,109.46,109.49
2022-07-01,90419000,32659000,"ICEU","B2209",109.46,109.46,109.49
2022-07-01,90420000,32660000,"ICEU","B2209",109.46,109.46,109.48
2022-07-01,90421000,32661000,"ICEU","B2209",109.45,109.44,109.47
2022-07-01,90422000,32662000,"ICEU","B2209",109.45,109.44,109.46
2022-07-01,90423000,32663000,"ICEU","B2209",109.44,109.44,109.47
2022-07-01,90424000,32664000,"ICEU","B2209",109.43,109.43,109.45
2022-07-01,90425000,32665000,"ICEU","B2209",109.43,109.42,109.45
2022-07-01,90426000,32666000,"ICEU","B2209",109.43,109.42,109.45
2022-07-01,90427000,32667000,"ICEU","B2209",109.43,109.41,109.42
2022-07-01,90429000,32669000,"ICEU","B2209",109.42,109.41,109.44
2022-07-01,90430000,32670000,"ICEU","B2209",109.41,109.41,109.43
2022-07-01,90431000,32671000,"ICEU","B2209",109.41,109.41,109.44
2022-07-01,90432000,32672000,"ICEU","B2209",109.43,109.41,109.44
2022-07-01,90433000,32673000,"ICEU","B2209",109.43,109.42,109.45
2022-07-01,90434000,32674000,"ICEU","B2209",109.42,109.42,109.44
2022-07-01,90435000,32675000,"ICEU","B2209",109.42,109.42,109.45
2022-07-01,90436000,32676000,"ICEU","B2209",109.42,109.41,109.43
2022-07-01,90437000,32677000,"ICEU","B2209",109.41,109.39,109.41
2022-07-01,90438000,32678000,"ICEU","B2209",109.41,109.39,109.41
2022-07-01,90439000,32679000,"ICEU","B2209",109.41,109.39,109.42
2022-07-01,90440000,32680000,"ICEU","B2209",109.41,109.39,109.42
2022-07-01,90441000,32681000,"ICEU","B2209",109.41,109.38,109.41
2022-07-01,90442000,32682000,"ICEU","B2209",109.41,109.38,109.41
2022-07-01,90443000,32683000,"ICEU","B2209",109.41,109.38,109.41
2022-07-01,90444000,32684000,"ICEU","B2209",109.42,109.4,109.43
2022-07-01,90445000,32685000,"ICEU","B2209",109.41,109.4,109.43
2022-07-01,90446000,32686000,"ICEU","B2209",109.41,109.4,109.43
2022-07-01,90447000,32687000,"ICEU","B2209",109.41,109.41,109.44
2022-07-01,90448000,32688000,"ICEU","B2209",109.44,109.41,109.45
2022-07-01,90449000,32689000,"ICEU","B2209",109.44,109.41,109.44
2022-07-01,90450000,32690000,"ICEU","B2209",109.44,109.42,109.45
2022-07-01,90451000,32691000,"ICEU","B2209",109.44,109.42,109.44
2022-07-01,90452000,32692000,"ICEU","B2209",109.44,109.42,109.46
2022-07-01,90453000,32693000,"ICEU","B2209",109.43,109.42,109.45
2022-07-01,90454000,32694000,"ICEU","B2209",109.43,109.42,109.45
2022-07-01,90455000,32695000,"ICEU","B2209",109.43,109.41,109.44
2022-07-01,90456000,32696000,"ICEU","B2209",109.43,109.42,109.45
2022-07-01,90457000,32697000,"ICEU","B2209",109.42,109.41,109.44
2022-07-01,90458000,32698000,"ICEU","B2209",109.42,109.41,109.45
2022-07-01,90459000,32699000,"ICEU","B2209",109.42,109.42,109.45
2022-07-01,90500000,32700000,"ICEU","B2209",109.42,109.4,109.43
2022-07-01,90501000,32701000,"ICEU","B2209",109.39,109.38,109.41
2022-07-01,90502000,32702000,"ICEU","B2209",109.39,109.39,109.41
2022-07-01,90503000,32703000,"ICEU","B2209",109.42,109.45,109.48
2022-07-01,90504000,32704000,"ICEU","B2209",109.45,109.46,109.49
2022-07-01,90505000,32705000,"ICEU","B2209",109.49,109.48,109.51
2022-07-01,90506000,32706000,"ICEU","B2209",109.49,109.49,109.52
2022-07-01,90507000,32707000,"ICEU","B2209",109.48,109.45,109.48
2022-07-01,90508000,32708000,"ICEU","B2209",109.48,109.46,109.49
2022-07-01,90509000,32709000,"ICEU","B2209",109.48,109.46,109.49
2022-07-01,90510000,32710000,"ICEU","B2209",109.48,109.47,109.5
2022-07-01,90511000,32711000,"ICEU","B2209",109.48,109.48,109.52
2022-07-01,90512000,32712000,"ICEU","B2209",109.5,109.48,109.51
2022-07-01,90513000,32713000,"ICEU","B2209",109.48,109.46,109.49
2022-07-01,90514000,32714000,"ICEU","B2209",109.46,109.45,109.48
2022-07-01,90515000,32715000,"ICEU","B2209",109.46,109.45,109.48
2022-07-01,90516000,32716000,"ICEU","B2209",109.46,109.46,109.49
2022-07-01,90518000,32718000,"ICEU","B2209",109.46,109.46,109.49
2022-07-01,90519000,32719000,"ICEU","B2209",109.46,109.43,109.47
2022-07-01,90520000,32720000,"ICEU","B2209",109.44,109.44,109.46
2022-07-01,90521000,32721000,"ICEU","B2209",109.44,109.44,109.47
2022-07-01,90522000,32722000,"ICEU","B2209",109.44,109.43,109.46
2022-07-01,90523000,32723000,"ICEU","B2209",109.44,109.44,109.47
2022-07-01,90524000,32724000,"ICEU","B2209",109.44,109.44,109.47
2022-07-01,90527000,32727000,"ICEU","B2209",109.44,109.44,109.47
2022-07-01,90528000,32728000,"ICEU","B2209",109.44,109.44,109.47
2022-07-01,90529000,32729000,"ICEU","B2209",109.44,109.46,109.49
2022-07-01,90530000,32730000,"ICEU","B2209",109.44,109.47,109.5
2022-07-01,90532000,32732000,"ICEU","B2209",109.44,109.47,109.5
2022-07-01,90535000,32735000,"ICEU","B2209",109.44,109.47,109.5
2022-07-01,90536000,32736000,"ICEU","B2209",109.44,109.47,109.5
2022-07-01,90537000,32737000,"ICEU","B2209",109.44,109.48,109.5
2022-07-01,90538000,32738000,"ICEU","B2209",109.48,109.46,109.49
2022-07-01,90539000,32739000,"ICEU","B2209",109.48,109.46,109.49
2022-07-01,90540000,32740000,"ICEU","B2209",109.48,109.46,109.49
2022-07-01,90541000,32741000,"ICEU","B2209",109.49,109.47,109.5
2022-07-01,90542000,32742000,"ICEU","B2209",109.49,109.46,109.5
2022-07-01,90543000,32743000,"ICEU","B2209",109.48,109.46,109.49
2022-07-01,90544000,32744000,"ICEU","B2209",109.48,109.45,109.49
2022-07-01,90545000,32745000,"ICEU","B2209",109.48,109.46,109.49
2022-07-01,90546000,32746000,"ICEU","B2209",109.48,109.46,109.49
2022-07-01,90547000,32747000,"ICEU","B2209",109.49,109.48,109.5
2022-07-01,90548000,32748000,"ICEU","B2209",109.49,109.48,109.5
2022-07-01,90550000,32750000,"ICEU","B2209",109.49,109.48,109.5
2022-07-01,90551000,32751000,"ICEU","B2209",109.49,109.48,109.51
2022-07-01,90553000,32753000,"ICEU","B2209",109.49,109.48,109.51
2022-07-01,90554000,32754000,"ICEU","B2209",109.49,109.48,109.51
2022-07-01,90555000,32755000,"ICEU","B2209",109.48,109.46,109.5
2022-07-01,90556000,32756000,"ICEU","B2209",109.48,109.47,109.5
2022-07-01,90557000,32757000,"ICEU","B2209",109.48,109.47,109.5
2022-07-01,90558000,32758000,"ICEU","B2209",109.48,109.47,109.5
2022-07-01,90559000,32759000,"ICEU","B2209",109.48,109.47,109.5
2022-07-01,90600000,32760000,"ICEU","B2209",109.48,109.48,109.5
2022-07-01,90601000,32761000,"ICEU","B2209",109.5,109.49,109.51
2022-07-01,90602000,32762000,"ICEU","B2209",109.51,109.51,109.53
2022-07-01,90603000,32763000,"ICEU","B2209",109.53,109.53,109.56
2022-07-01,90604000,32764000,"ICEU","B2209",109.55,109.54,109.56
2022-07-01,90605000,32765000,"ICEU","B2209",109.53,109.52,109.55
2022-07-01,90606000,32766000,"ICEU","B2209",109.53,109.51,109.54
2022-07-01,90607000,32767000,"ICEU","B2209",109.53,109.51,109.54
2022-07-01,90608000,32768000,"ICEU","B2209",109.53,109.51,109.54
2022-07-01,90609000,32769000,"ICEU","B2209",109.53,109.5,109.53
2022-07-01,90610000,32770000,"ICEU","B2209",109.53,109.51,109.54
2022-07-01,90613000,32773000,"ICEU","B2209",109.53,109.51,109.54
2022-07-01,90614000,32774000,"ICEU","B2209",109.53,109.52,109.54
2022-07-01,90615000,32775000,"ICEU","B2209",109.53,109.51,109.54
2022-07-01,90616000,32776000,"ICEU","B2209",109.54,109.53,109.57
2022-07-01,90617000,32777000,"ICEU","B2209",109.54,109.54,109.57
2022-07-01,90618000,32778000,"ICEU","B2209",109.54,109.55,109.57
2022-07-01,90619000,32779000,"ICEU","B2209",109.54,109.55,109.58
2022-07-01,90620000,32780000,"ICEU","B2209",109.54,109.57,109.6
2022-07-01,90621000,32781000,"ICEU","B2209",109.61,109.6,109.63
2022-07-01,90622000,32782000,"ICEU","B2209",109.6,109.58,109.62
2022-07-01,90623000,32783000,"ICEU","B2209",109.6,109.59,109.62
2022-07-01,90624000,32784000,"ICEU","B2209",109.6,109.59,109.62
2022-07-01,90625000,32785000,"ICEU","B2209",109.62,109.59,109.62
2022-07-01,90626000,32786000,"ICEU","B2209",109.62,109.59,109.62
2022-07-01,90627000,32787000,"ICEU","B2209",109.62,109.59,109.62
2022-07-01,90628000,32788000,"ICEU","B2209",109.62,109.6,109.64
2022-07-01,90629000,32789000,"ICEU","B2209",109.62,109.61,109.64
2022-07-01,90630000,32790000,"ICEU","B2209",109.62,109.6,109.64
2022-07-01,90631000,32791000,"ICEU","B2209",109.64,109.63,109.67
2022-07-01,90632000,32792000,"ICEU","B2209",109.64,109.63,109.66
2022-07-01,90633000,32793000,"ICEU","B2209",109.64,109.63,109.65
2022-07-01,90634000,32794000,"ICEU","B2209",109.64,109.65,109.67
2022-07-01,90635000,32795000,"ICEU","B2209",109.67,109.67,109.7
2022-07-01,90636000,32796000,"ICEU","B2209",109.67,109.67,109.7
2022-07-01,90637000,32797000,"ICEU","B2209",109.67,109.67,109.7
2022-07-01,90638000,32798000,"ICEU","B2209",109.71,109.69,109.72
2022-07-01,90639000,32799000,"ICEU","B2209",109.69,109.67,109.7
2022-07-01,90640000,32800000,"ICEU","B2209",109.69,109.67,109.7
2022-07-01,90641000,32801000,"ICEU","B2209",109.69,109.68,109.71
2022-07-01,90642000,32802000,"ICEU","B2209",109.69,109.67,109.7
2022-07-01,90643000,32803000,"ICEU","B2209",109.67,109.67,109.69
2022-07-01,90644000,32804000,"ICEU","B2209",109.67,109.66,109.68
2022-07-01,90645000,32805000,"ICEU","B2209",109.67,109.65,109.68
2022-07-01,90646000,32806000,"ICEU","B2209",109.67,109.66,109.69
2022-07-01,90647000,32807000,"ICEU","B2209",109.67,109.64,109.68
2022-07-01,90648000,32808000,"ICEU","B2209",109.68,109.66,109.69
2022-07-01,90649000,32809000,"ICEU","B2209",109.68,109.66,109.69
2022-07-01,90650000,32810000,"ICEU","B2209",109.68,109.65,109.68
2022-07-01,90651000,32811000,"ICEU","B2209",109.68,109.63,109.67
2022-07-01,90652000,32812000,"ICEU","B2209",109.67,109.65,109.68
2022-07-01,90653000,32813000,"ICEU","B2209",109.67,109.62,109.64
2022-07-01,90654000,32814000,"ICEU","B2209",109.67,109.63,109.65
2022-07-01,90655000,32815000,"ICEU","B2209",109.65,109.63,109.66
2022-07-01,90656000,32816000,"ICEU","B2209",109.66,109.65,109.68
2022-07-01,90657000,32817000,"ICEU","B2209",109.66,109.65,109.68
2022-07-01,90658000,32818000,"ICEU","B2209",109.66,109.64,109.67
2022-07-01,90659000,32819000,"ICEU","B2209",109.66,109.64,109.67
2022-07-01,90700000,32820000,"ICEU","B2209",109.66,109.64,109.67
2022-07-01,90701000,32821000,"ICEU","B2209",109.69,109.67,109.7
2022-07-01,90702000,32822000,"ICEU","B2209",109.69,109.69,109.72
2022-07-01,90703000,32823000,"ICEU","B2209",109.69,109.66,109.7
2022-07-01,90704000,32824000,"ICEU","B2209",109.69,109.66,109.7
2022-07-01,90705000,32825000,"ICEU","B2209",109.69,109.65,109.68
2022-07-01,90706000,32826000,"ICEU","B2209",109.69,109.65,109.68
2022-07-01,90707000,32827000,"ICEU","B2209",109.69,109.67,109.71
2022-07-01,90708000,32828000,"ICEU","B2209",109.69,109.7,109.73
2022-07-01,90709000,32829000,"ICEU","B2209",109.69,109.72,109.75
2022-07-01,90710000,32830000,"ICEU","B2209",109.69,109.73,109.75
2022-07-01,90711000,32831000,"ICEU","B2209",109.73,109.71,109.74
2022-07-01,90712000,32832000,"ICEU","B2209",109.74,109.72,109.75
2022-07-01,90713000,32833000,"ICEU","B2209",109.74,109.73,109.76
2022-07-01,90714000,32834000,"ICEU","B2209",109.74,109.71,109.74
2022-07-01,90715000,32835000,"ICEU","B2209",109.74,109.72,109.75
2022-07-01,90716000,32836000,"ICEU","B2209",109.74,109.72,109.75
2022-07-01,90717000,32837000,"ICEU","B2209",109.75,109.73,109.76
2022-07-01,90718000,32838000,"ICEU","B2209",109.75,109.74,109.77
2022-07-01,90719000,32839000,"ICEU","B2209",109.77,109.75,109.78
2022-07-01,90720000,32840000,"ICEU","B2209",109.77,109.75,109.78
2022-07-01,90721000,32841000,"ICEU","B2209",109.77,109.76,109.79
2022-07-01,90722000,32842000,"ICEU","B2209",109.79,109.77,109.8
2022-07-01,90723000,32843000,"ICEU","B2209",109.79,109.77,109.8
2022-07-01,90724000,32844000,"ICEU","B2209",109.79,109.77,109.8
2022-07-01,90725000,32845000,"ICEU","B2209",109.79,109.76,109.8
2022-07-01,90726000,32846000,"ICEU","B2209",109.79,109.76,109.8
2022-07-01,90727000,32847000,"ICEU","B2209",109.79,109.75,109.78
2022-07-01,90728000,32848000,"ICEU","B2209",109.79,109.76,109.79
2022-07-01,90730000,32850000,"ICEU","B2209",109.79,109.75,109.78
2022-07-01,90731000,32851000,"ICEU","B2209",109.79,109.74,109.77
2022-07-01,90732000,32852000,"ICEU","B2209",109.79,109.73,109.76
2022-07-01,90733000,32853000,"ICEU","B2209",109.79,109.73,109.76
2022-07-01,90734000,32854000,"ICEU","B2209",109.73,109.71,109.74
2022-07-01,90735000,32855000,"ICEU","B2209",109.73,109.7,109.73
2022-07-01,90736000,32856000,"ICEU","B2209",109.73,109.69,109.72
2022-07-01,90737000,32857000,"ICEU","B2209",109.68,109.67,109.71
2022-07-01,90738000,32858000,"ICEU","B2209",109.68,109.67,109.7
2022-07-01,90739000,32859000,"ICEU","B2209",109.67,109.66,109.69
2022-07-01,90740000,32860000,"ICEU","B2209",109.66,109.63,109.66
2022-07-01,90741000,32861000,"ICEU","B2209",109.67,109.63,109.66
2022-07-01,90742000,32862000,"ICEU","B2209",109.67,109.61,109.65
2022-07-01,90743000,32863000,"ICEU","B2209",109.61,109.6,109.63
2022-07-01,90744000,32864000,"ICEU","B2209",109.61,109.6,109.63
2022-07-01,90745000,32865000,"ICEU","B2209",109.61,109.6,109.63
2022-07-01,90746000,32866000,"ICEU","B2209",109.61,109.6,109.63
2022-07-01,90747000,32867000,"ICEU","B2209",109.62,109.58,109.61
2022-07-01,90748000,32868000,"ICEU","B2209",109.62,109.58,109.61
2022-07-01,90749000,32869000,"ICEU","B2209",109.61,109.6,109.63
2022-07-01,90750000,32870000,"ICEU","B2209",109.61,109.58,109.61
2022-07-01,90751000,32871000,"ICEU","B2209",109.61,109.59,109.62
2022-07-01,90752000,32872000,"ICEU","B2209",109.57,109.56,109.6
2022-07-01,90753000,32873000,"ICEU","B2209",109.57,109.55,109.59
2022-07-01,90754000,32874000,"ICEU","B2209",109.57,109.54,109.58
2022-07-01,90755000,32875000,"ICEU","B2209",109.57,109.55,109.58
2022-07-01,90756000,32876000,"ICEU","B2209",109.57,109.55,109.58
2022-07-01,90758000,32878000,"ICEU","B2209",109.57,109.54,109.58
2022-07-01,90759000,32879000,"ICEU","B2209",109.57,109.55,109.59
2022-07-01,90800000,32880000,"ICEU","B2209",109.57,109.56,109.59
2022-07-01,90801000,32881000,"ICEU","B2209",109.57,109.56,109.59
2022-07-01,90802000,32882000,"ICEU","B2209",109.57,109.56,109.59
2022-07-01,90803000,32883000,"ICEU","B2209",109.56,109.54,109.57
2022-07-01,90804000,32884000,"ICEU","B2209",109.56,109.53,109.56
2022-07-01,90805000,32885000,"ICEU","B2209",109.54,109.51,109.55
2022-07-01,90806000,32886000,"ICEU","B2209",109.54,109.51,109.54
2022-07-01,90807000,32887000,"ICEU","B2209",109.54,109.53,109.56
2022-07-01,90808000,32888000,"ICEU","B2209",109.54,109.53,109.57
2022-07-01,90809000,32889000,"ICEU","B2209",109.56,109.55,109.58
2022-07-01,90810000,32890000,"ICEU","B2209",109.56,109.54,109.58
2022-07-01,90811000,32891000,"ICEU","B2209",109.56,109.54,109.57
2022-07-01,90812000,32892000,"ICEU","B2209",109.56,109.53,109.57
2022-07-01,90813000,32893000,"ICEU","B2209",109.56,109.52,109.55
2022-07-01,90814000,32894000,"ICEU","B2209",109.56,109.53,109.56
2022-07-01,90815000,32895000,"ICEU","B2209",109.56,109.53,109.56
2022-07-01,90820000,32900000,"ICEU","B2209",109.56,109.54,109.56
2022-07-01,90821000,32901000,"ICEU","B2209",109.56,109.53,109.56
2022-07-01,90822000,32902000,"ICEU","B2209",109.56,109.52,109.55
2022-07-01,90823000,32903000,"ICEU","B2209",109.56,109.52,109.55
2022-07-01,90824000,32904000,"ICEU","B2209",109.56,109.51,109.54
2022-07-01,90825000,32905000,"ICEU","B2209",109.56,109.49,109.53
2022-07-01,90826000,32906000,"ICEU","B2209",109.5,109.5,109.53
2022-07-01,90827000,32907000,"ICEU","B2209",109.5,109.48,109.52
2022-07-01,90828000,32908000,"ICEU","B2209",109.49,109.47,109.51
2022-07-01,90829000,32909000,"ICEU","B2209",109.49,109.48,109.5
2022-07-01,90830000,32910000,"ICEU","B2209",109.49,109.47,109.5
2022-07-01,90831000,32911000,"ICEU","B2209",109.46,109.43,109.47
2022-07-01,90832000,32912000,"ICEU","B2209",109.46,109.42,109.46
2022-07-01,90833000,32913000,"ICEU","B2209",109.42,109.42,109.45
2022-07-01,90834000,32914000,"ICEU","B2209",109.42,109.42,109.45
2022-07-01,90835000,32915000,"ICEU","B2209",109.42,109.43,109.46
2022-07-01,90836000,32916000,"ICEU","B2209",109.42,109.43,109.46
2022-07-01,90837000,32917000,"ICEU","B2209",109.42,109.43,109.46
2022-07-01,90838000,32918000,"ICEU","B2209",109.43,109.43,109.46
2022-07-01,90839000,32919000,"ICEU","B2209",109.48,109.47,109.5
2022-07-01,90840000,32920000,"ICEU","B2209",109.47,109.46,109.5
2022-07-01,90841000,32921000,"ICEU","B2209",109.47,109.44,109.47
2022-07-01,90842000,32922000,"ICEU","B2209",109.47,109.43,109.47
2022-07-01,90843000,32923000,"ICEU","B2209",109.47,109.43,109.47
2022-07-01,90844000,32924000,"ICEU","B2209",109.47,109.44,109.47
2022-07-01,90845000,32925000,"ICEU","B2209",109.47,109.43,109.46
2022-07-01,90846000,32926000,"ICEU","B2209",109.47,109.43,109.45
2022-07-01,90847000,32927000,"ICEU","B2209",109.47,109.43,109.45
2022-07-01,90849000,32929000,"ICEU","B2209",109.47,109.42,109.45
2022-07-01,90850000,32930000,"ICEU","B2209",109.46,109.44,109.46
2022-07-01,90851000,32931000,"ICEU","B2209",109.46,109.44,109.47
2022-07-01,90852000,32932000,"ICEU","B2209",109.46,109.42,109.45
2022-07-01,90853000,32933000,"ICEU","B2209",109.46,109.42,109.45
2022-07-01,90854000,32934000,"ICEU","B2209",109.46,109.41,109.44
2022-07-01,90855000,32935000,"ICEU","B2209",109.46,109.41,109.44
2022-07-01,90856000,32936000,"ICEU","B2209",109.44,109.42,109.45
2022-07-01,90857000,32937000,"ICEU","B2209",109.45,109.44,109.47
2022-07-01,90901000,32941000,"ICEU","B2209",109.45,109.44,109.48
2022-07-01,90902000,32942000,"ICEU","B2209",109.45,109.44,109.48
2022-07-01,90903000,32943000,"ICEU","B2209",109.45,109.46,109.48
2022-07-01,90904000,32944000,"ICEU","B2209",109.5,109.48,109.52
2022-07-01,90905000,32945000,"ICEU","B2209",109.49,109.48,109.51
2022-07-01,90906000,32946000,"ICEU","B2209",109.49,109.48,109.51
2022-07-01,90907000,32947000,"ICEU","B2209",109.49,109.48,109.51
2022-07-01,90908000,32948000,"ICEU","B2209",109.49,109.49,109.52
2022-07-01,90909000,32949000,"ICEU","B2209",109.49,109.51,109.53
2022-07-01,90910000,32950000,"ICEU","B2209",109.49,109.49,109.5
2022-07-01,90911000,32951000,"ICEU","B2209",109.49,109.47,109.5
2022-07-01,90912000,32952000,"ICEU","B2209",109.49,109.46,109.49
2022-07-01,90913000,32953000,"ICEU","B2209",109.49,109.46,109.49
2022-07-01,90914000,32954000,"ICEU","B2209",109.49,109.45,109.48
2022-07-01,90915000,32955000,"ICEU","B2209",109.49,109.45,109.48
2022-07-01,90917000,32957000,"ICEU","B2209",109.49,109.46,109.48
2022-07-01,90918000,32958000,"ICEU","B2209",109.49,109.46,109.48
2022-07-01,90919000,32959000,"ICEU","B2209",109.49,109.46,109.48
2022-07-01,90920000,32960000,"ICEU","B2209",109.49,109.46,109.48
2022-07-01,90921000,32961000,"ICEU","B2209",109.46,109.42,109.46
2022-07-01,90922000,32962000,"ICEU","B2209",109.46,109.42,109.46
2022-07-01,90924000,32964000,"ICEU","B2209",109.46,109.44,109.47
2022-07-01,90925000,32965000,"ICEU","B2209",109.46,109.44,109.47
2022-07-01,90928000,32968000,"ICEU","B2209",109.46,109.45,109.48
2022-07-01,90929000,32969000,"ICEU","B2209",109.46,109.45,109.48
2022-07-01,90931000,32971000,"ICEU","B2209",109.46,109.45,109.47
2022-07-01,90932000,32972000,"ICEU","B2209",109.46,109.45,109.48
2022-07-01,90933000,32973000,"ICEU","B2209",109.46,109.45,109.47
2022-07-01,90934000,32974000,"ICEU","B2209",109.46,109.45,109.47
2022-07-01,90937000,32977000,"ICEU","B2209",109.46,109.45,109.47
2022-07-01,90938000,32978000,"ICEU","B2209",109.46,109.45,109.47
2022-07-01,90939000,32979000,"ICEU","B2209",109.46,109.45,109.47
2022-07-01,90942000,32982000,"ICEU","B2209",109.45,109.42,109.44
2022-07-01,90943000,32983000,"ICEU","B2209",109.45,109.41,109.45
2022-07-01,90944000,32984000,"ICEU","B2209",109.45,109.4,109.44
2022-07-01,90945000,32985000,"ICEU","B2209",109.45,109.4,109.44
2022-07-01,90946000,32986000,"ICEU","B2209",109.45,109.4,109.44
2022-07-01,90947000,32987000,"ICEU","B2209",109.45,109.4,109.45
2022-07-01,90948000,32988000,"ICEU","B2209",109.45,109.43,109.46
2022-07-01,90949000,32989000,"ICEU","B2209",109.45,109.43,109.46
2022-07-01,90950000,32990000,"ICEU","B2209",109.45,109.43,109.46
2022-07-01,90952000,32992000,"ICEU","B2209",109.46,109.45,109.47
2022-07-01,90953000,32993000,"ICEU","B2209",109.46,109.45,109.47
2022-07-01,90954000,32994000,"ICEU","B2209",109.46,109.45,109.47
2022-07-01,90955000,32995000,"ICEU","B2209",109.45,109.43,109.46
2022-07-01,90956000,32996000,"ICEU","B2209",109.45,109.42,109.46
2022-07-01,90958000,32998000,"ICEU","B2209",109.45,109.43,109.46
2022-07-01,9.1e+07,33000000,"ICEU","B2209",109.45,109.43,109.46
2022-07-01,91001000,33001000,"ICEU","B2209",109.43,109.4,109.43
2022-07-01,91002000,33002000,"ICEU","B2209",109.43,109.45,109.47
2022-07-01,91003000,33003000,"ICEU","B2209",109.47,109.48,109.51
2022-07-01,91004000,33004000,"ICEU","B2209",109.47,109.47,109.5
2022-07-01,91005000,33005000,"ICEU","B2209",109.47,109.45,109.48
2022-07-01,91006000,33006000,"ICEU","B2209",109.47,109.47,109.49
2022-07-01,91007000,33007000,"ICEU","B2209",109.47,109.48,109.51
2022-07-01,91008000,33008000,"ICEU","B2209",109.47,109.48,109.51
2022-07-01,91009000,33009000,"ICEU","B2209",109.5,109.48,109.5
2022-07-01,91010000,33010000,"ICEU","B2209",109.5,109.48,109.5
2022-07-01,91011000,33011000,"ICEU","B2209",109.5,109.48,109.5
2022-07-01,91012000,33012000,"ICEU","B2209",109.5,109.48,109.5
2022-07-01,91013000,33013000,"ICEU","B2209",109.5,109.48,109.5
2022-07-01,91014000,33014000,"ICEU","B2209",109.48,109.47,109.5
2022-07-01,91015000,33015000,"ICEU","B2209",109.48,109.47,109.5
2022-07-01,91019000,33019000,"ICEU","B2209",109.48,109.47,109.5
2022-07-01,91020000,33020000,"ICEU","B2209",109.48,109.48,109.5
2022-07-01,91022000,33022000,"ICEU","B2209",109.48,109.47,109.5
2022-07-01,91023000,33023000,"ICEU","B2209",109.48,109.47,109.5
