"InternalDate","Time","Exchange","Symbol","BidPrice2","BidPrice1","AskPrice1","AskPrice2"
2022-07-08,64005070,"IDEALPRO","USD.CNH",0,6.69199,6.69357,0
2022-07-08,64418178,"IDEALPRO","USD.CNH",0,6.69199,6.69365,0
2022-07-08,64500445,"IDEALPRO","USD.CNH",0,6.69199,6.69369,0
2022-07-08,64504556,"IDEALPRO","USD.CNH",0,6.69199,6.69365,0
2022-07-08,64548315,"IDEALPRO","USD.CNH",0,6.69201,6.69374,0
2022-07-08,64549317,"IDEALPRO","USD.CNH",0,6.69199,6.69365,0
2022-07-08,64550511,"IDEALPRO","USD.CNH",0,6.69209,6.69374,0
2022-07-08,64551333,"IDEALPRO","USD.CNH",0,6.69199,6.69364,0
2022-07-08,64552530,"IDEALPRO","USD.CNH",0,6.69211,6.69374,0
2022-07-08,64553337,"IDEALPRO","USD.CNH",0,6.69199,6.69363,0
2022-07-08,64554762,"IDEALPRO","USD.CNH",0,6.69213,6.69374,0
2022-07-08,64555547,"IDEALPRO","USD.CNH",0,6.69199,6.69363,0
2022-07-08,64556521,"IDEALPRO","USD.CNH",0,6.69205,6.69374,0
2022-07-08,64557502,"IDEALPRO","USD.CNH",0,6.69199,6.69362,0
2022-07-08,64558756,"IDEALPRO","USD.CNH",0,6.69199,6.69374,0
2022-07-08,64559662,"IDEALPRO","USD.CNH",0,6.69199,6.69361,0
2022-07-08,64600756,"IDEALPRO","USD.CNH",0,6.69199,6.69374,0
2022-07-08,64601665,"IDEALPRO","USD.CNH",0,6.69199,6.69361,0
2022-07-08,64602858,"IDEALPRO","USD.CNH",0,6.69199,6.69374,0
2022-07-08,64604972,"IDEALPRO","USD.CNH",0,6.69199,6.69374,0
2022-07-08,64605864,"IDEALPRO","USD.CNH",0,6.69199,6.69374,0
2022-07-08,64606061,"IDEALPRO","USD.CNH",0,6.69199,6.69361,0
2022-07-08,64607162,"IDEALPRO","USD.CNH",0,6.69199,6.69374,0
2022-07-08,64608144,"IDEALPRO","USD.CNH",0,6.69199,6.69361,0
2022-07-08,64627206,"IDEALPRO","USD.CNH",0,6.69199,6.69365,0
2022-07-08,64640025,"IDEALPRO","USD.CNH",0,6.69199,6.69363,0
2022-07-08,64641431,"IDEALPRO","USD.CNH",0,6.69199,6.69365,0
2022-07-08,64645839,"IDEALPRO","USD.CNH",0,6.69199,6.69363,0
2022-07-08,64705768,"IDEALPRO","USD.CNH",0,6.69199,6.69367,0
2022-07-08,64710580,"IDEALPRO","USD.CNH",0,6.69199,6.69364,0
2022-07-08,64727695,"IDEALPRO","USD.CNH",0,6.69199,6.69368,0
2022-07-08,64731702,"IDEALPRO","USD.CNH",0,6.69199,6.69364,0
2022-07-08,64735809,"IDEALPRO","USD.CNH",0,6.69199,6.69368,0
2022-07-08,64845235,"IDEALPRO","USD.CNH",0,6.69199,6.69364,0
2022-07-08,64848944,"IDEALPRO","USD.CNH",0,6.69199,6.69367,0
2022-07-08,64852646,"IDEALPRO","USD.CNH",0,6.69199,6.69363,0
2022-07-08,64905570,"IDEALPRO","USD.CNH",0,6.69199,6.69368,0
2022-07-08,64910577,"IDEALPRO","USD.CNH",0,6.69199,6.69364,0
2022-07-08,64931286,"IDEALPRO","USD.CNH",0,6.69199,6.69368,0
2022-07-08,64934646,"IDEALPRO","USD.CNH",0,6.69199,6.69364,0
2022-07-08,64935717,"IDEALPRO","USD.CNH",0,6.69199,6.69368,0
2022-07-08,65318472,"IDEALPRO","USD.CNH",0,6.69204,6.69369,0
2022-07-08,65319474,"IDEALPRO","USD.CNH",0,6.69199,6.6936,0
2022-07-08,65320479,"IDEALPRO","USD.CNH",0,6.69205,6.69369,0
2022-07-08,65321673,"IDEALPRO","USD.CNH",0,6.69199,6.6936,0
2022-07-08,65322583,"IDEALPRO","USD.CNH",0,6.69205,6.69369,0
2022-07-08,65323584,"IDEALPRO","USD.CNH",0,6.69199,6.69359,0
2022-07-08,65324822,"IDEALPRO","USD.CNH",0,6.69206,6.69369,0
2022-07-08,65325587,"IDEALPRO","USD.CNH",0,6.69199,6.69359,0
2022-07-08,65326885,"IDEALPRO","USD.CNH",0,6.69206,6.69369,0
2022-07-08,65327987,"IDEALPRO","USD.CNH",0,6.69199,6.69358,0
2022-07-08,65328989,"IDEALPRO","USD.CNH",0,6.69199,6.69369,0
2022-07-08,65329990,"IDEALPRO","USD.CNH",0,6.69199,6.69358,0
2022-07-08,65330992,"IDEALPRO","USD.CNH",0,6.69199,6.69369,0
2022-07-08,65332095,"IDEALPRO","USD.CNH",0,6.69199,6.69358,0
2022-07-08,65333196,"IDEALPRO","USD.CNH",0,6.69199,6.69369,0
2022-07-08,65334189,"IDEALPRO","USD.CNH",0,6.69199,6.69358,0
2022-07-08,65335339,"IDEALPRO","USD.CNH",0,6.69199,6.69369,0
2022-07-08,65336300,"IDEALPRO","USD.CNH",0,6.69199,6.69358,0
2022-07-08,65337106,"IDEALPRO","USD.CNH",0,6.69199,6.69369,0
2022-07-08,65338204,"IDEALPRO","USD.CNH",0,6.69199,6.69358,0
2022-07-08,65410747,"IDEALPRO","USD.CNH",0,6.69199,6.69362,0
2022-07-08,65541565,"IDEALPRO","USD.CNH",0,6.69199,6.69365,0
2022-07-08,70028584,"IDEALPRO","USD.CNH",0,6.69199,6.69364,0
2022-07-08,70035692,"IDEALPRO","USD.CNH",0,6.69199,6.69368,0
2022-07-08,70048513,"IDEALPRO","USD.CNH",0,6.69205,6.69369,0
2022-07-08,70049613,"IDEALPRO","USD.CNH",0,6.69199,6.69363,0
2022-07-08,70050519,"IDEALPRO","USD.CNH",0,6.69203,6.69369,0
2022-07-08,70051520,"IDEALPRO","USD.CNH",0,6.69199,6.69362,0
2022-07-08,70052819,"IDEALPRO","USD.CNH",0,6.69203,6.69369,0
2022-07-08,70053624,"IDEALPRO","USD.CNH",0,6.69199,6.69361,0
2022-07-08,70054762,"IDEALPRO","USD.CNH",0,6.69204,6.69369,0
2022-07-08,70055728,"IDEALPRO","USD.CNH",0,6.69199,6.6936,0
2022-07-08,70057832,"IDEALPRO","USD.CNH",0,6.69199,6.6936,0
2022-07-08,70059030,"IDEALPRO","USD.CNH",0,6.69199,6.69369,0
2022-07-08,70100222,"IDEALPRO","USD.CNH",0,6.69199,6.6936,0
2022-07-08,70101232,"IDEALPRO","USD.CNH",0,6.69199,6.69369,0
2022-07-08,70102234,"IDEALPRO","USD.CNH",0,6.69199,6.6936,0
2022-07-08,70103214,"IDEALPRO","USD.CNH",0,6.69199,6.69369,0
2022-07-08,70104429,"IDEALPRO","USD.CNH",0,6.69199,6.6936,0
2022-07-08,70105245,"IDEALPRO","USD.CNH",0,6.69199,6.69369,0
2022-07-08,70106442,"IDEALPRO","USD.CNH",0,6.69199,6.6936,0
2022-07-08,70107448,"IDEALPRO","USD.CNH",0,6.69199,6.69369,0
2022-07-08,70108637,"IDEALPRO","USD.CNH",0,6.69199,6.6936,0
2022-07-08,70210648,"IDEALPRO","USD.CNH",0,6.69199,6.69363,0
2022-07-08,70309146,"IDEALPRO","USD.CNH",0,6.69199,6.69368,0
2022-07-08,70313655,"IDEALPRO","USD.CNH",0,6.69199,6.69364,0
2022-07-08,70324704,"IDEALPRO","USD.CNH",0,6.69199,6.69368,0
2022-07-08,70331787,"IDEALPRO","USD.CNH",0,6.69199,6.69365,0
2022-07-08,70335680,"IDEALPRO","USD.CNH",0,6.69199,6.69368,0
2022-07-08,70340588,"IDEALPRO","USD.CNH",0,6.69199,6.69365,0
2022-07-08,70405849,"IDEALPRO","USD.CNH",0,6.69199,6.69369,0
2022-07-08,70413570,"IDEALPRO","USD.CNH",0,6.69199,6.69367,0
2022-07-08,70416668,"IDEALPRO","USD.CNH",0,6.69199,6.69369,0
2022-07-08,70419665,"IDEALPRO","USD.CNH",0,6.69199,6.69367,0
2022-07-08,70435794,"IDEALPRO","USD.CNH",0,6.69199,6.69369,0
2022-07-08,70440609,"IDEALPRO","USD.CNH",0,6.69199,6.69367,0
2022-07-08,70449528,"IDEALPRO","USD.CNH",0,6.69199,6.69369,0
2022-07-08,70452618,"IDEALPRO","USD.CNH",0,6.69199,6.69367,0
2022-07-08,70502433,"IDEALPRO","USD.CNH",0,6.69199,6.69368,0
2022-07-08,70507558,"IDEALPRO","USD.CNH",0,6.69199,6.69367,0
2022-07-08,70519139,"IDEALPRO","USD.CNH",0,6.69199,6.69369,0
2022-07-08,70525612,"IDEALPRO","USD.CNH",0,6.69199,6.69367,0
2022-07-08,70535687,"IDEALPRO","USD.CNH",0,6.69199,6.69369,0
2022-07-08,70540700,"IDEALPRO","USD.CNH",0,6.69199,6.69367,0
2022-07-08,70552323,"IDEALPRO","USD.CNH",0,6.69199,6.69369,0
2022-07-08,70555626,"IDEALPRO","USD.CNH",0,6.69199,6.69367,0
2022-07-08,70558247,"IDEALPRO","USD.CNH",0,6.69199,6.69369,0
2022-07-08,70601736,"IDEALPRO","USD.CNH",0,6.69199,6.69367,0
2022-07-08,70605752,"IDEALPRO","USD.CNH",0,6.69199,6.69369,0
2022-07-08,70616776,"IDEALPRO","USD.CNH",0,6.69199,6.69367,0
2022-07-08,70632105,"IDEALPRO","USD.CNH",0,6.69199,6.69369,0
2022-07-08,70640520,"IDEALPRO","USD.CNH",0,6.69199,6.69367,0
2022-07-08,70651337,"IDEALPRO","USD.CNH",0,6.69199,6.69369,0
2022-07-08,70655736,"IDEALPRO","USD.CNH",0,6.69199,6.69368,0
2022-07-08,70704171,"IDEALPRO","USD.CNH",0,6.69199,6.69369,0
2022-07-08,70710570,"IDEALPRO","USD.CNH",0,6.69199,6.69367,0
2022-07-08,70721337,"IDEALPRO","USD.CNH",0,6.69199,6.69368,0
2022-07-08,70727285,"IDEALPRO","USD.CNH",0,6.69199,6.69369,0
2022-07-08,70731605,"IDEALPRO","USD.CNH",0,6.69199,6.69368,0
2022-07-08,70734102,"IDEALPRO","USD.CNH",0,6.69199,6.69369,0
2022-07-08,70740690,"IDEALPRO","USD.CNH",0,6.69199,6.69368,0
2022-07-08,70742455,"IDEALPRO","USD.CNH",0,6.69199,6.69369,0
2022-07-08,70749537,"IDEALPRO","USD.CNH",0,6.69199,6.69367,0
2022-07-08,70759152,"IDEALPRO","USD.CNH",0,6.69199,6.69369,0
2022-07-08,70804661,"IDEALPRO","USD.CNH",0,6.69199,6.69367,0
2022-07-08,70805760,"IDEALPRO","USD.CNH",0,6.69199,6.69369,0
2022-07-08,70816583,"IDEALPRO","USD.CNH",0,6.69199,6.69367,0
2022-07-08,70818783,"IDEALPRO","USD.CNH",0,6.69203,6.69369,0
2022-07-08,70819876,"IDEALPRO","USD.CNH",0,6.69199,6.69367,0
2022-07-08,70820858,"IDEALPRO","USD.CNH",0,6.69205,6.69369,0
2022-07-08,70821838,"IDEALPRO","USD.CNH",0,6.69199,6.69366,0
2022-07-08,70822890,"IDEALPRO","USD.CNH",0,6.69206,6.69369,0
2022-07-08,70823898,"IDEALPRO","USD.CNH",0,6.69199,6.69366,0
2022-07-08,70825703,"IDEALPRO","USD.CNH",0,6.69213,6.69369,0
2022-07-08,70826097,"IDEALPRO","USD.CNH",0,6.69199,6.69365,0
2022-07-08,70827203,"IDEALPRO","USD.CNH",0,6.69205,6.69369,0
2022-07-08,70828389,"IDEALPRO","USD.CNH",0,6.69199,6.69365,0
2022-07-08,70829207,"IDEALPRO","USD.CNH",0,6.69199,6.69369,0
2022-07-08,70830209,"IDEALPRO","USD.CNH",0,6.69199,6.69365,0
2022-07-08,70831507,"IDEALPRO","USD.CNH",0,6.69199,6.69369,0
2022-07-08,70832313,"IDEALPRO","USD.CNH",0,6.69199,6.69364,0
2022-07-08,70833314,"IDEALPRO","USD.CNH",0,6.69199,6.69369,0
2022-07-08,70834660,"IDEALPRO","USD.CNH",0,6.69199,6.69364,0
2022-07-08,70835444,"IDEALPRO","USD.CNH",0,6.69199,6.69369,0
2022-07-08,70836621,"IDEALPRO","USD.CNH",0,6.69199,6.69364,0
2022-07-08,70837718,"IDEALPRO","USD.CNH",0,6.69199,6.69369,0
2022-07-08,70838700,"IDEALPRO","USD.CNH",0,6.69199,6.69364,0
2022-07-08,70909034,"IDEALPRO","USD.CNH",0,6.69199,6.69361,0
2022-07-08,70912287,"IDEALPRO","USD.CNH",0,6.69199,6.69368,0
2022-07-08,70916691,"IDEALPRO","USD.CNH",0,6.69199,6.69365,0
2022-07-08,70918198,"IDEALPRO","USD.CNH",0,6.69199,6.69369,0
2022-07-08,70922606,"IDEALPRO","USD.CNH",0,6.69199,6.69365,0
2022-07-08,70928712,"IDEALPRO","USD.CNH",0,6.69199,6.69369,0
2022-07-08,70940126,"IDEALPRO","USD.CNH",0,6.69199,6.69369,0
2022-07-08,71102161,"IDEALPRO","USD.CNH",0,6.69199,6.69365,0
2022-07-08,71105682,"IDEALPRO","USD.CNH",0,6.69199,6.69369,0
2022-07-08,71209177,"IDEALPRO","USD.CNH",0,6.69199,6.69369,0
2022-07-08,71306471,"IDEALPRO","USD.CNH",0,6.69199,6.69365,0
2022-07-08,71307874,"IDEALPRO","USD.CNH",0,6.69199,6.69367,0
2022-07-08,71309690,"IDEALPRO","USD.CNH",0,6.69199,6.69367,0
2022-07-08,71313605,"IDEALPRO","USD.CNH",0,6.69199,6.69364,0
2022-07-08,71333818,"IDEALPRO","USD.CNH",0,6.69199,6.69369,0
2022-07-08,71559889,"IDEALPRO","USD.CNH",0,6.69199,6.69369,0
2022-07-08,71600870,"IDEALPRO","USD.CNH",0,6.69199,6.69365,0
2022-07-08,71601851,"IDEALPRO","USD.CNH",0,6.69199,6.69369,0
2022-07-08,71603029,"IDEALPRO","USD.CNH",0,6.69199,6.69365,0
2022-07-08,71604296,"IDEALPRO","USD.CNH",0,6.69199,6.69369,0
2022-07-08,71605121,"IDEALPRO","USD.CNH",0,6.69199,6.69365,0
2022-07-08,71606291,"IDEALPRO","USD.CNH",0,6.69199,6.69369,0
2022-07-08,71607206,"IDEALPRO","USD.CNH",0,6.69199,6.69365,0
2022-07-08,71608402,"IDEALPRO","USD.CNH",0,6.69199,6.69369,0
2022-07-08,71609209,"IDEALPRO","USD.CNH",0,6.69199,6.69365,0
2022-07-08,71753777,"IDEALPRO","USD.CNH",0,6.69199,6.69366,0
2022-07-08,72009798,"IDEALPRO","USD.CNH",0,6.69199,6.69369,0
2022-07-08,72319894,"IDEALPRO","USD.CNH",0,6.69206,6.69369,0
2022-07-08,72321914,"IDEALPRO","USD.CNH",0,6.69207,6.69369,0
2022-07-08,72322896,"IDEALPRO","USD.CNH",0,6.69201,6.69369,0
2022-07-08,72323093,"IDEALPRO","USD.CNH",0,6.69199,6.69363,0
2022-07-08,72324940,"IDEALPRO","USD.CNH",0,6.69199,6.69362,0
2022-07-08,72326212,"IDEALPRO","USD.CNH",0,6.69207,6.69369,0
2022-07-08,72327213,"IDEALPRO","USD.CNH",0,6.69199,6.69362,0
2022-07-08,72328628,"IDEALPRO","USD.CNH",0,6.69216,6.69369,0
2022-07-08,72329413,"IDEALPRO","USD.CNH",0,6.69199,6.69361,0
2022-07-08,72330414,"IDEALPRO","USD.CNH",0,6.69199,6.69369,0
2022-07-08,72331416,"IDEALPRO","USD.CNH",0,6.69199,6.69361,0
2022-07-08,72332396,"IDEALPRO","USD.CNH",0,6.69199,6.69369,0
2022-07-08,72333378,"IDEALPRO","USD.CNH",0,6.69199,6.69361,0
2022-07-08,72334544,"IDEALPRO","USD.CNH",0,6.69199,6.69369,0
2022-07-08,72335535,"IDEALPRO","USD.CNH",0,6.69199,6.69361,0
2022-07-08,72336540,"IDEALPRO","USD.CNH",0,6.69199,6.69369,0
2022-07-08,72337721,"IDEALPRO","USD.CNH",0,6.69199,6.69361,0
2022-07-08,72338701,"IDEALPRO","USD.CNH",0,6.69199,6.69369,0
2022-07-08,72339745,"IDEALPRO","USD.CNH",0,6.69199,6.69361,0
2022-07-08,72414499,"IDEALPRO","USD.CNH",0,6.69199,6.69365,0
2022-07-08,72500454,"IDEALPRO","USD.CNH",0,6.69199,6.69369,0
2022-07-08,72501437,"IDEALPRO","USD.CNH",0,6.69199,6.69369,0
2022-07-08,72554363,"IDEALPRO","USD.CNH",0,6.69199,6.69365,0
2022-07-08,72559955,"IDEALPRO","USD.CNH",0,6.69199,6.69368,0
2022-07-08,72604669,"IDEALPRO","USD.CNH",0,6.69199,6.69365,0
2022-07-08,72605854,"IDEALPRO","USD.CNH",0,6.69199,6.69369,0
2022-07-08,72609964,"IDEALPRO","USD.CNH",0,6.69199,6.69369,0
2022-07-08,72652306,"IDEALPRO","USD.CNH",0,6.692,6.69369,0
2022-07-08,72700252,"IDEALPRO","USD.CNH",0,6.69199,6.69369,0
2022-07-08,72731808,"IDEALPRO","USD.CNH",0,6.69199,6.69375,0
2022-07-08,72734756,"IDEALPRO","USD.CNH",0,6.69252,6.69376,0
2022-07-08,72735933,"IDEALPRO","USD.CNH",0,6.69253,6.69377,0
2022-07-08,72740524,"IDEALPRO","USD.CNH",0,6.69257,6.69377,0
2022-07-08,72746112,"IDEALPRO","USD.CNH",0,6.69259,6.69377,0
2022-07-08,72751641,"IDEALPRO","USD.CNH",0,6.6926,6.69377,0
2022-07-08,72757442,"IDEALPRO","USD.CNH",0,6.69262,6.69377,0
2022-07-08,72803961,"IDEALPRO","USD.CNH",0,6.69265,6.69377,0
2022-07-08,72810572,"IDEALPRO","USD.CNH",0,6.69267,6.69377,0
2022-07-08,72818571,"IDEALPRO","USD.CNH",0,6.69269,6.69377,0
2022-07-08,72828000,"IDEALPRO","USD.CNH",0,6.69271,6.69377,0
2022-07-08,72837686,"IDEALPRO","USD.CNH",0,6.69275,6.69377,0
2022-07-08,72849632,"IDEALPRO","USD.CNH",0,6.69277,6.69377,0
2022-07-08,72904977,"IDEALPRO","USD.CNH",0,6.6928,6.69377,0
2022-07-08,72923086,"IDEALPRO","USD.CNH",0,6.69282,6.69377,0
2022-07-08,72952631,"IDEALPRO","USD.CNH",0,6.69284,6.69377,0
2022-07-08,72955733,"IDEALPRO","USD.CNH",0,6.69288,6.69377,0
2022-07-08,73000631,"IDEALPRO","USD.CNH",0,6.69293,6.69377,0
2022-07-08,73009150,"IDEALPRO","USD.CNH",0,6.69293,6.69383,0
2022-07-08,73010646,"IDEALPRO","USD.CNH",0,6.69293,6.69384,0
2022-07-08,73013764,"IDEALPRO","USD.CNH",0,6.6929,6.69383,0
2022-07-08,73015867,"IDEALPRO","USD.CNH",0,6.6929,6.69383,0
2022-07-08,73016259,"IDEALPRO","USD.CNH",0,6.69293,6.69383,0
2022-07-08,73019774,"IDEALPRO","USD.CNH",0,6.69293,6.69385,0
2022-07-08,73024683,"IDEALPRO","USD.CNH",0,6.69295,6.69387,0
2022-07-08,73035800,"IDEALPRO","USD.CNH",0,6.69294,6.69387,0
2022-07-08,73037190,"IDEALPRO","USD.CNH",0,6.69296,6.69387,0
2022-07-08,73038172,"IDEALPRO","USD.CNH",0,6.69297,6.69387,0
2022-07-08,73046591,"IDEALPRO","USD.CNH",0,6.69294,6.69387,0
2022-07-08,73048910,"IDEALPRO","USD.CNH",0,6.69294,6.69384,0
2022-07-08,73049107,"IDEALPRO","USD.CNH",0,6.69297,6.69384,0
2022-07-08,73050909,"IDEALPRO","USD.CNH",0,6.69307,6.69385,0
2022-07-08,73051498,"IDEALPRO","USD.CNH",0,6.69315,6.69395,0
2022-07-08,73052621,"IDEALPRO","USD.CNH",0,6.69323,6.69392,0
2022-07-08,73055533,"IDEALPRO","USD.CNH",0,6.69322,6.69392,0
2022-07-08,73058638,"IDEALPRO","USD.CNH",0,6.69321,6.69392,0
2022-07-08,73059618,"IDEALPRO","USD.CNH",0,6.69322,6.69392,0
2022-07-08,73104525,"IDEALPRO","USD.CNH",0,6.69321,6.69392,0
2022-07-08,73107553,"IDEALPRO","USD.CNH",0,6.6932,6.69392,0
2022-07-08,73111538,"IDEALPRO","USD.CNH",0,6.69319,6.69392,0
2022-07-08,73114806,"IDEALPRO","USD.CNH",0,6.69318,6.69392,0
2022-07-08,73122856,"IDEALPRO","USD.CNH",0,6.69316,6.69392,0
2022-07-08,73129896,"IDEALPRO","USD.CNH",0,6.69314,6.69392,0
2022-07-08,73130593,"IDEALPRO","USD.CNH",0,6.69318,6.69392,0
2022-07-08,73138799,"IDEALPRO","USD.CNH",0,6.69315,6.69392,0
2022-07-08,73142101,"IDEALPRO","USD.CNH",0,6.69318,6.69392,0
2022-07-08,73146019,"IDEALPRO","USD.CNH",0,6.69319,6.69392,0
2022-07-08,73149621,"IDEALPRO","USD.CNH",0,6.69315,6.69392,0
2022-07-08,73151434,"IDEALPRO","USD.CNH",0,6.6932,6.69392,0
2022-07-08,73152611,"IDEALPRO","USD.CNH",0,6.69322,6.69391,0
2022-07-08,73153593,"IDEALPRO","USD.CNH",0,6.69323,6.69391,0
2022-07-08,73200710,"IDEALPRO","USD.CNH",0,6.6933,6.69391,0
2022-07-08,73201690,"IDEALPRO","USD.CNH",0,6.69329,6.69391,0
2022-07-08,73202868,"IDEALPRO","USD.CNH",0,6.69344,6.69395,0
2022-07-08,73203261,"IDEALPRO","USD.CNH",0,6.69344,6.69396,0
2022-07-08,73204979,"IDEALPRO","USD.CNH",0,6.69354,6.69396,0
2022-07-08,73205960,"IDEALPRO","USD.CNH",0,6.69364,6.69395,0
2022-07-08,73206941,"IDEALPRO","USD.CNH",0,6.69362,6.69395,0
2022-07-08,73207924,"IDEALPRO","USD.CNH",0,6.69363,6.69395,0
2022-07-08,73211047,"IDEALPRO","USD.CNH",0,6.69362,6.69395,0
2022-07-08,73219985,"IDEALPRO","USD.CNH",0,6.6936,6.69395,0
2022-07-08,73225094,"IDEALPRO","USD.CNH",0,6.69359,6.69395,0
2022-07-08,73227185,"IDEALPRO","USD.CNH",0,6.69358,6.69395,0
2022-07-08,73229167,"IDEALPRO","USD.CNH",0,6.6935,6.69395,0
2022-07-08,73230149,"IDEALPRO","USD.CNH",0,6.69352,6.69395,0
2022-07-08,73231131,"IDEALPRO","USD.CNH",0,6.6935,6.69395,0
2022-07-08,73237268,"IDEALPRO","USD.CNH",0,6.69349,6.69395,0
2022-07-08,73243217,"IDEALPRO","USD.CNH",0,6.69345,6.69395,0
2022-07-08,73245728,"IDEALPRO","USD.CNH",0,6.69345,6.69395,0
2022-07-08,73248324,"IDEALPRO","USD.CNH",0,6.69344,6.69395,0
2022-07-08,73249229,"IDEALPRO","USD.CNH",0,6.69342,6.69395,0
2022-07-08,73254114,"IDEALPRO","USD.CNH",0,6.6934,6.69395,0
2022-07-08,73257125,"IDEALPRO","USD.CNH",0,6.69339,6.69395,0
2022-07-08,73259136,"IDEALPRO","USD.CNH",0,6.69339,6.69395,0
2022-07-08,73305849,"IDEALPRO","USD.CNH",0,6.69341,6.69395,0
2022-07-08,73318457,"IDEALPRO","USD.CNH",0,6.69355,6.69395,0
2022-07-08,73320660,"IDEALPRO","USD.CNH",0,6.69361,6.69395,0
2022-07-08,73338752,"IDEALPRO","USD.CNH",0,6.69362,6.69395,0
2022-07-08,73339996,"IDEALPRO","USD.CNH",0,6.69349,6.69395,0
2022-07-08,73341009,"IDEALPRO","USD.CNH",0,6.69348,6.69395,0
2022-07-08,73346304,"IDEALPRO","USD.CNH",0,6.69347,6.69395,0
2022-07-08,73349218,"IDEALPRO","USD.CNH",0,6.69346,6.69395,0
2022-07-08,73350200,"IDEALPRO","USD.CNH",0,6.69351,6.69395,0
2022-07-08,73351221,"IDEALPRO","USD.CNH",0,6.69349,6.69395,0
2022-07-08,73400225,"IDEALPRO","USD.CNH",0,6.69347,6.69395,0
2022-07-08,73402241,"IDEALPRO","USD.CNH",0,6.69346,6.69395,0
2022-07-08,73411254,"IDEALPRO","USD.CNH",0,6.69344,6.69395,0
2022-07-08,73423968,"IDEALPRO","USD.CNH",0,6.69339,6.6939,0
2022-07-08,73425087,"IDEALPRO","USD.CNH",0,6.69344,6.6939,0
2022-07-08,73427246,"IDEALPRO","USD.CNH",0,6.69342,6.6939,0
2022-07-08,73431098,"IDEALPRO","USD.CNH",0,6.69341,6.6939,0
2022-07-08,73435137,"IDEALPRO","USD.CNH",0,6.6934,6.6939,0
2022-07-08,73440197,"IDEALPRO","USD.CNH",0,6.69339,6.6939,0
2022-07-08,73450132,"IDEALPRO","USD.CNH",0,6.69339,6.6939,0
2022-07-08,73454232,"IDEALPRO","USD.CNH",0,6.69341,6.6939,0
2022-07-08,73512462,"IDEALPRO","USD.CNH",0,6.69339,6.6939,0
2022-07-08,73519671,"IDEALPRO","USD.CNH",0,6.69349,6.69387,0
2022-07-08,73522777,"IDEALPRO","USD.CNH",0,6.69349,6.69384,0
2022-07-08,73525795,"IDEALPRO","USD.CNH",0,6.69348,6.69384,0
2022-07-08,73528804,"IDEALPRO","USD.CNH",0,6.69346,6.69384,0
2022-07-08,73529806,"IDEALPRO","USD.CNH",0,6.69345,6.69384,0
2022-07-08,73530986,"IDEALPRO","USD.CNH",0,6.69347,6.69388,0
2022-07-08,73531183,"IDEALPRO","USD.CNH",0,6.69347,6.69389,0
2022-07-08,73535833,"IDEALPRO","USD.CNH",0,6.69346,6.69383,0
2022-07-08,73539982,"IDEALPRO","USD.CNH",0,6.69346,6.69382,0
2022-07-08,73542884,"IDEALPRO","USD.CNH",0,6.69346,6.69375,0
2022-07-08,73544022,"IDEALPRO","USD.CNH",0,6.69346,6.69379,0
2022-07-08,73545933,"IDEALPRO","USD.CNH",0,6.69345,6.69379,0
2022-07-08,73549899,"IDEALPRO","USD.CNH",0,6.69345,6.69382,0
2022-07-08,73551234,"IDEALPRO","USD.CNH",0,6.69344,6.6938,0
2022-07-08,73552216,"IDEALPRO","USD.CNH",0,6.69342,6.69376,0
2022-07-08,73553438,"IDEALPRO","USD.CNH",0,6.69342,6.69381,0
2022-07-08,73554421,"IDEALPRO","USD.CNH",0,6.69342,6.6938,0
2022-07-08,73555243,"IDEALPRO","USD.CNH",0,6.69341,6.6938,0
2022-07-08,73556845,"IDEALPRO","USD.CNH",0,6.69345,6.69381,0
2022-07-08,73603209,"IDEALPRO","USD.CNH",0,6.69344,6.69381,0
2022-07-08,73607263,"IDEALPRO","USD.CNH",0,6.69342,6.69382,0
2022-07-08,73608439,"IDEALPRO","USD.CNH",0,6.69342,6.69383,0
2022-07-08,73609419,"IDEALPRO","USD.CNH",0,6.69342,6.69382,0
2022-07-08,73611260,"IDEALPRO","USD.CNH",0,6.69341,6.69382,0
2022-07-08,73613251,"IDEALPRO","USD.CNH",0,6.69341,6.69383,0
2022-07-08,73614427,"IDEALPRO","USD.CNH",0,6.69344,6.69384,0
2022-07-08,73615668,"IDEALPRO","USD.CNH",0,6.69344,6.69383,0
2022-07-08,73619190,"IDEALPRO","USD.CNH",0,6.69344,6.69382,0
2022-07-08,73620568,"IDEALPRO","USD.CNH",0,6.69342,6.69383,0
2022-07-08,73622188,"IDEALPRO","USD.CNH",0,6.69341,6.69383,0
2022-07-08,73627158,"IDEALPRO","USD.CNH",0,6.6934,6.69383,0
2022-07-08,73630306,"IDEALPRO","USD.CNH",0,6.69339,6.69383,0
2022-07-08,73634172,"IDEALPRO","USD.CNH",0,6.69338,6.69383,0
2022-07-08,73638725,"IDEALPRO","USD.CNH",0,6.69352,6.69384,0
2022-07-08,73639706,"IDEALPRO","USD.CNH",0,6.69361,6.69384,0
2022-07-08,73640689,"IDEALPRO","USD.CNH",0,6.6937,6.69384,0
2022-07-08,73641475,"IDEALPRO","USD.CNH",0,6.6936,6.69384,0
2022-07-08,73642259,"IDEALPRO","USD.CNH",0,6.6936,6.69385,0
2022-07-08,73643241,"IDEALPRO","USD.CNH",0,6.6936,6.69384,0
2022-07-08,73647217,"IDEALPRO","USD.CNH",0,6.6936,6.69385,0
2022-07-08,73648785,"IDEALPRO","USD.CNH",0,6.69358,6.69381,0
2022-07-08,73649768,"IDEALPRO","USD.CNH",0,6.69357,6.69392,0
2022-07-08,73654957,"IDEALPRO","USD.CNH",0,6.69357,6.69383,0
2022-07-08,73655953,"IDEALPRO","USD.CNH",0,6.69363,6.69385,0
2022-07-08,73657538,"IDEALPRO","USD.CNH",0,6.69363,6.69381,0
2022-07-08,73659558,"IDEALPRO","USD.CNH",0,6.69363,6.6938,0
2022-07-08,73700160,"IDEALPRO","USD.CNH",0,6.69362,6.6938,0
2022-07-08,73701336,"IDEALPRO","USD.CNH",0,6.69362,6.69381,0
2022-07-08,73702121,"IDEALPRO","USD.CNH",0,6.69362,6.6938,0
2022-07-08,73704783,"IDEALPRO","USD.CNH",0,6.69361,6.69381,0
2022-07-08,73705569,"IDEALPRO","USD.CNH",0,6.69361,6.69381,0
2022-07-08,73706158,"IDEALPRO","USD.CNH",0,6.69358,6.69381,0
2022-07-08,73707927,"IDEALPRO","USD.CNH",0,6.69358,6.69381,0
2022-07-08,73710166,"IDEALPRO","USD.CNH",0,6.69363,6.69388,0
2022-07-08,73711149,"IDEALPRO","USD.CNH",0,6.69363,6.69387,0
2022-07-08,73714177,"IDEALPRO","USD.CNH",0,6.69362,6.69387,0
2022-07-08,73715888,"IDEALPRO","USD.CNH",0,6.69362,6.69388,0
2022-07-08,73717457,"IDEALPRO","USD.CNH",0,6.69361,6.69382,0
2022-07-08,73721985,"IDEALPRO","USD.CNH",0,6.69361,6.69389,0
2022-07-08,73722378,"IDEALPRO","USD.CNH",0,6.69361,6.69382,0
2022-07-08,73724285,"IDEALPRO","USD.CNH",0,6.6936,6.69388,0
2022-07-08,73725308,"IDEALPRO","USD.CNH",0,6.6936,6.69387,0
2022-07-08,73728863,"IDEALPRO","USD.CNH",0,6.69359,6.69382,0
2022-07-08,73730237,"IDEALPRO","USD.CNH",0,6.6936,6.69388,0
2022-07-08,73733817,"IDEALPRO","USD.CNH",0,6.69359,6.69382,0
2022-07-08,73734839,"IDEALPRO","USD.CNH",0,6.69351,6.69388,0
2022-07-08,73735232,"IDEALPRO","USD.CNH",0,6.69349,6.69388,0
2022-07-08,73736214,"IDEALPRO","USD.CNH",0,6.69348,6.69388,0
2022-07-08,73738598,"IDEALPRO","USD.CNH",0,6.69347,6.69382,0
2022-07-08,73739777,"IDEALPRO","USD.CNH",0,6.69347,6.69387,0
2022-07-08,73740170,"IDEALPRO","USD.CNH",0,6.69346,6.69387,0
2022-07-08,73741153,"IDEALPRO","USD.CNH",0,6.69345,6.69387,0
2022-07-08,73743831,"IDEALPRO","USD.CNH",0,6.69345,6.6938,0
2022-07-08,73744224,"IDEALPRO","USD.CNH",0,6.69344,6.6938,0
2022-07-08,73745049,"IDEALPRO","USD.CNH",0,6.69344,6.69384,0
2022-07-08,73747341,"IDEALPRO","USD.CNH",0,6.69342,6.69384,0
2022-07-08,73750718,"IDEALPRO","USD.CNH",0,6.69342,6.6938,0
2022-07-08,73751701,"IDEALPRO","USD.CNH",0,6.69341,6.69384,0
2022-07-08,73753142,"IDEALPRO","USD.CNH",0,6.69341,6.6938,0
2022-07-08,73754517,"IDEALPRO","USD.CNH",0,6.69341,6.6938,0
2022-07-08,73755560,"IDEALPRO","USD.CNH",0,6.6934,6.6938,0
2022-07-08,73800151,"IDEALPRO","USD.CNH",0,6.69339,6.6938,0
2022-07-08,73802952,"IDEALPRO","USD.CNH",0,6.6934,6.69387,0
2022-07-08,73804131,"IDEALPRO","USD.CNH",0,6.69342,6.69387,0
2022-07-08,73805764,"IDEALPRO","USD.CNH",0,6.69342,6.69385,0
2022-07-08,73806965,"IDEALPRO","USD.CNH",0,6.69342,6.6938,0
2022-07-08,73808180,"IDEALPRO","USD.CNH",0,6.69341,6.6938,0
2022-07-08,73811319,"IDEALPRO","USD.CNH",0,6.69341,6.69387,0
2022-07-08,73812299,"IDEALPRO","USD.CNH",0,6.69341,6.69384,0
2022-07-08,73814187,"IDEALPRO","USD.CNH",0,6.6934,6.69384,0
2022-07-08,73816183,"IDEALPRO","USD.CNH",0,6.6934,6.69385,0
2022-07-08,73820110,"IDEALPRO","USD.CNH",0,6.69339,6.69385,0
2022-07-08,73823252,"IDEALPRO","USD.CNH",0,6.69338,6.69385,0
2022-07-08,73825707,"IDEALPRO","USD.CNH",0,6.69338,6.69379,0
2022-07-08,73827919,"IDEALPRO","USD.CNH",0,6.69338,6.69384,0
2022-07-08,73828312,"IDEALPRO","USD.CNH",0,6.6934,6.69379,0
2022-07-08,73829710,"IDEALPRO","USD.CNH",0,6.6934,6.69379,0
2022-07-08,73830299,"IDEALPRO","USD.CNH",0,6.69339,6.69379,0
2022-07-08,73831522,"IDEALPRO","USD.CNH",0,6.69339,6.69379,0
2022-07-08,73834327,"IDEALPRO","USD.CNH",0,6.69338,6.69379,0
2022-07-08,73835757,"IDEALPRO","USD.CNH",0,6.69338,6.69379,0
2022-07-08,73837140,"IDEALPRO","USD.CNH",0,6.69337,6.69379,0
2022-07-08,73839440,"IDEALPRO","USD.CNH",0,6.69337,6.69379,0
2022-07-08,73840225,"IDEALPRO","USD.CNH",0,6.69336,6.69379,0
2022-07-08,73842836,"IDEALPRO","USD.CNH",0,6.69336,6.69379,0
2022-07-08,73843649,"IDEALPRO","USD.CNH",0,6.69335,6.69379,0
2022-07-08,73844867,"IDEALPRO","USD.CNH",0,6.69335,6.6938,0
2022-07-08,73846244,"IDEALPRO","USD.CNH",0,6.69334,6.6938,0
2022-07-08,73847657,"IDEALPRO","USD.CNH",0,6.69334,6.69381,0
2022-07-08,73849050,"IDEALPRO","USD.CNH",0,6.69338,6.69384,0
2022-07-08,73850950,"IDEALPRO","USD.CNH",0,6.69334,6.69381,0
2022-07-08,73853669,"IDEALPRO","USD.CNH",0,6.69338,6.69385,0
2022-07-08,73856677,"IDEALPRO","USD.CNH",0,6.69334,6.69381,0
2022-07-08,73857679,"IDEALPRO","USD.CNH",0,6.69338,6.69385,0
2022-07-08,73901662,"IDEALPRO","USD.CNH",0,6.69334,6.69381,0
2022-07-08,73904676,"IDEALPRO","USD.CNH",0,6.69334,6.6938,0
2022-07-08,73906503,"IDEALPRO","USD.CNH",0,6.69334,6.6938,0
2022-07-08,73909901,"IDEALPRO","USD.CNH",0,6.69334,6.6938,0
2022-07-08,73910902,"IDEALPRO","USD.CNH",0,6.69344,6.6938,0
2022-07-08,73911098,"IDEALPRO","USD.CNH",0,6.69344,6.69384,0
2022-07-08,73912281,"IDEALPRO","USD.CNH",0,6.69352,6.69379,0
2022-07-08,73913262,"IDEALPRO","USD.CNH",0,6.69358,6.69379,0
2022-07-08,73915109,"IDEALPRO","USD.CNH",0,6.69357,6.69379,0
2022-07-08,73916886,"IDEALPRO","USD.CNH",0,6.69357,6.69384,0
2022-07-08,73919242,"IDEALPRO","USD.CNH",0,6.69356,6.69384,0
2022-07-08,73922902,"IDEALPRO","USD.CNH",0,6.69356,6.69385,0
2022-07-08,73923295,"IDEALPRO","USD.CNH",0,6.69355,6.69385,0
2022-07-08,73927218,"IDEALPRO","USD.CNH",0,6.69354,6.69385,0
2022-07-08,73928024,"IDEALPRO","USD.CNH",0,6.69354,6.6938,0
2022-07-08,73929005,"IDEALPRO","USD.CNH",0,6.69354,6.69384,0
2022-07-08,73930329,"IDEALPRO","USD.CNH",0,6.69353,6.69385,0
2022-07-08,73931532,"IDEALPRO","USD.CNH",0,6.69351,6.69384,0
2022-07-08,73932531,"IDEALPRO","USD.CNH",0,6.69351,6.69385,0
2022-07-08,73933335,"IDEALPRO","USD.CNH",0,6.6935,6.69385,0
2022-07-08,73934747,"IDEALPRO","USD.CNH",0,6.6935,6.69389,0
2022-07-08,73935925,"IDEALPRO","USD.CNH",0,6.6935,6.69388,0
2022-07-08,73936316,"IDEALPRO","USD.CNH",0,6.69349,6.69388,0
2022-07-08,73937297,"IDEALPRO","USD.CNH",0,6.69349,6.69387,0
2022-07-08,73938338,"IDEALPRO","USD.CNH",0,6.69348,6.69387,0
2022-07-08,73939515,"IDEALPRO","USD.CNH",0,6.69348,6.69381,0
2022-07-08,73940654,"IDEALPRO","USD.CNH",0,6.69348,6.69385,0
2022-07-08,73941946,"IDEALPRO","USD.CNH",0,6.69347,6.69391,0
2022-07-08,73954176,"IDEALPRO","USD.CNH",0,6.69346,6.69391,0
2022-07-08,73957984,"IDEALPRO","USD.CNH",0,6.69346,6.69384,0
2022-07-08,73958180,"IDEALPRO","USD.CNH",0,6.69345,6.69384,0
2022-07-08,73959357,"IDEALPRO","USD.CNH",0,6.69341,6.69384,0
2022-07-08,74001123,"IDEALPRO","USD.CNH",0,6.6935,6.69384,0
2022-07-08,74002103,"IDEALPRO","USD.CNH",0,6.69348,6.69384,0
2022-07-08,74003286,"IDEALPRO","USD.CNH",0,6.69344,6.69384,0
2022-07-08,74004662,"IDEALPRO","USD.CNH",0,6.6935,6.69376,0
2022-07-08,74005535,"IDEALPRO","USD.CNH",0,6.69358,6.69376,0
2022-07-08,74007807,"IDEALPRO","USD.CNH",0,6.69358,6.69381,0
2022-07-08,74008709,"IDEALPRO","USD.CNH",0,6.69358,6.69377,0
2022-07-08,74009602,"IDEALPRO","USD.CNH",0,6.69356,6.69376,0
2022-07-08,74010608,"IDEALPRO","USD.CNH",0,6.69355,6.69377,0
2022-07-08,74013606,"IDEALPRO","USD.CNH",0,6.69355,6.69378,0
2022-07-08,74014119,"IDEALPRO","USD.CNH",0,6.69355,6.69377,0
2022-07-08,74016019,"IDEALPRO","USD.CNH",0,6.69354,6.69377,0
2022-07-08,74018820,"IDEALPRO","USD.CNH",0,6.69354,6.69379,0
2022-07-08,74019213,"IDEALPRO","USD.CNH",0,6.69354,6.69391,0
2022-07-08,74020021,"IDEALPRO","USD.CNH",0,6.69353,6.69391,0
2022-07-08,74029944,"IDEALPRO","USD.CNH",0,6.69363,6.69379,0
2022-07-08,74030926,"IDEALPRO","USD.CNH",0,6.69356,6.69379,0
2022-07-08,74031710,"IDEALPRO","USD.CNH",0,6.69356,6.69383,0
2022-07-08,74033847,"IDEALPRO","USD.CNH",0,6.69355,6.69382,0
2022-07-08,74034044,"IDEALPRO","USD.CNH",0,6.69355,6.69383,0
2022-07-08,74036340,"IDEALPRO","USD.CNH",0,6.69355,6.69379,0
2022-07-08,74037852,"IDEALPRO","USD.CNH",0,6.69355,6.69378,0
2022-07-08,74038048,"IDEALPRO","USD.CNH",0,6.69354,6.69378,0
2022-07-08,74039567,"IDEALPRO","USD.CNH",0,6.69354,6.69383,0
2022-07-08,74041971,"IDEALPRO","USD.CNH",0,6.69355,6.69385,0
2022-07-08,74042467,"IDEALPRO","USD.CNH",0,6.69355,6.69379,0
2022-07-08,74044869,"IDEALPRO","USD.CNH",0,6.69354,6.69385,0
2022-07-08,74045262,"IDEALPRO","USD.CNH",0,6.69354,6.69379,0
2022-07-08,74046880,"IDEALPRO","USD.CNH",0,6.69354,6.69379,0
2022-07-08,74047273,"IDEALPRO","USD.CNH",0,6.69353,6.69379,0
2022-07-08,74051184,"IDEALPRO","USD.CNH",0,6.69352,6.69379,0
2022-07-08,74053993,"IDEALPRO","USD.CNH",0,6.69352,6.69385,0
2022-07-08,74054582,"IDEALPRO","USD.CNH",0,6.69352,6.69379,0
2022-07-08,74055095,"IDEALPRO","USD.CNH",0,6.69351,6.69379,0
2022-07-08,74058099,"IDEALPRO","USD.CNH",0,6.6935,6.69379,0
2022-07-08,74102285,"IDEALPRO","USD.CNH",0,6.69349,6.69379,0
2022-07-08,74104685,"IDEALPRO","USD.CNH",0,6.69349,6.69379,0
2022-07-08,74105133,"IDEALPRO","USD.CNH",0,6.69351,6.69379,0
2022-07-08,74109263,"IDEALPRO","USD.CNH",0,6.6935,6.69379,0
2022-07-08,74110638,"IDEALPRO","USD.CNH",0,6.6935,6.69378,0
2022-07-08,74112322,"IDEALPRO","USD.CNH",0,6.69349,6.69378,0
2022-07-08,74113520,"IDEALPRO","USD.CNH",0,6.69349,6.69378,0
2022-07-08,74114737,"IDEALPRO","USD.CNH",0,6.69349,6.69383,0
2022-07-08,74116321,"IDEALPRO","USD.CNH",0,6.69348,6.69383,0
2022-07-08,74119707,"IDEALPRO","USD.CNH",0,6.69347,6.69378,0
2022-07-08,74121670,"IDEALPRO","USD.CNH",0,6.69347,6.69383,0
2022-07-08,74123225,"IDEALPRO","USD.CNH",0,6.69346,6.69383,0
2022-07-08,74126948,"IDEALPRO","USD.CNH",0,6.69346,6.69378,0
2022-07-08,74127341,"IDEALPRO","USD.CNH",0,6.69345,6.69378,0
2022-07-08,74129540,"IDEALPRO","USD.CNH",0,6.69344,6.69378,0
2022-07-08,74132753,"IDEALPRO","USD.CNH",0,6.69342,6.6938,0
2022-07-08,74133538,"IDEALPRO","USD.CNH",0,6.69342,6.69379,0
2022-07-08,74134567,"IDEALPRO","USD.CNH",0,6.69342,6.69383,0
2022-07-08,74135588,"IDEALPRO","USD.CNH",0,6.69341,6.69378,0
2022-07-08,74137459,"IDEALPRO","USD.CNH",0,6.69341,6.69378,0
2022-07-08,74139967,"IDEALPRO","USD.CNH",0,6.6934,6.69384,0
2022-07-08,74140360,"IDEALPRO","USD.CNH",0,6.6934,6.69378,0
2022-07-08,74142323,"IDEALPRO","USD.CNH",0,6.69339,6.69378,0
2022-07-08,74143578,"IDEALPRO","USD.CNH",0,6.69339,6.69383,0
2022-07-08,74145777,"IDEALPRO","USD.CNH",0,6.69339,6.69378,0
2022-07-08,74146169,"IDEALPRO","USD.CNH",0,6.69338,6.69378,0
2022-07-08,74148947,"IDEALPRO","USD.CNH",0,6.69338,6.69379,0
2022-07-08,74149339,"IDEALPRO","USD.CNH",0,6.69338,6.69378,0
2022-07-08,74150191,"IDEALPRO","USD.CNH",0,6.69337,6.69378,0
2022-07-08,74151993,"IDEALPRO","USD.CNH",0,6.69339,6.69383,0
2022-07-08,74155307,"IDEALPRO","USD.CNH",0,6.69336,6.69378,0
2022-07-08,74157607,"IDEALPRO","USD.CNH",0,6.69335,6.69378,0
2022-07-08,74159607,"IDEALPRO","USD.CNH",0,6.69338,6.69383,0
2022-07-08,74202181,"IDEALPRO","USD.CNH",0,6.69339,6.69384,0
2022-07-08,74203405,"IDEALPRO","USD.CNH",0,6.69339,6.69383,0
2022-07-08,74204584,"IDEALPRO","USD.CNH",0,6.69334,6.69379,0
2022-07-08,74207509,"IDEALPRO","USD.CNH",0,6.69336,6.69381,0
2022-07-08,74208686,"IDEALPRO","USD.CNH",0,6.69342,6.69387,0
2022-07-08,74209864,"IDEALPRO","USD.CNH",0,6.69339,6.69384,0
2022-07-08,74210061,"IDEALPRO","USD.CNH",0,6.69334,6.69378,0
2022-07-08,74211917,"IDEALPRO","USD.CNH",0,6.69334,6.69378,0
2022-07-08,74213337,"IDEALPRO","USD.CNH",0,6.69334,6.69378,0
2022-07-08,74219731,"IDEALPRO","USD.CNH",0,6.69339,6.69383,0
2022-07-08,74255513,"IDEALPRO","USD.CNH",0,6.69345,6.69387,0
2022-07-08,74305805,"IDEALPRO","USD.CNH",0,6.69345,6.69385,0
2022-07-08,74327051,"IDEALPRO","USD.CNH",0,6.69335,6.69375,0
2022-07-08,74328817,"IDEALPRO","USD.CNH",0,6.69334,6.69375,0
2022-07-08,74329602,"IDEALPRO","USD.CNH",0,6.69334,6.69375,0
2022-07-08,74330961,"IDEALPRO","USD.CNH",0,6.69334,6.69376,0
2022-07-08,74333753,"IDEALPRO","USD.CNH",0,6.69338,6.69381,0
2022-07-08,74334343,"IDEALPRO","USD.CNH",0,6.69338,6.69381,0
2022-07-08,74338277,"IDEALPRO","USD.CNH",0,6.69338,6.69382,0
2022-07-08,74339082,"IDEALPRO","USD.CNH",0,6.69333,6.69376,0
2022-07-08,74340260,"IDEALPRO","USD.CNH",0,6.69338,6.69382,0
2022-07-08,74341283,"IDEALPRO","USD.CNH",0,6.69338,6.69381,0
2022-07-08,74342461,"IDEALPRO","USD.CNH",0,6.69338,6.69382,0
2022-07-08,74343780,"IDEALPRO","USD.CNH",0,6.69337,6.69381,0
2022-07-08,74345695,"IDEALPRO","USD.CNH",0,6.69332,6.69377,0
2022-07-08,74347466,"IDEALPRO","USD.CNH",0,6.69337,6.69382,0
2022-07-08,74348839,"IDEALPRO","USD.CNH",0,6.69346,6.6939,0
2022-07-08,74355047,"IDEALPRO","USD.CNH",0,6.69346,6.69389,0
2022-07-08,74409730,"IDEALPRO","USD.CNH",0,6.69346,6.69388,0
2022-07-08,74415643,"IDEALPRO","USD.CNH",0,6.69347,6.69388,0
2022-07-08,74457493,"IDEALPRO","USD.CNH",0,6.69348,6.69387,0
2022-07-08,74502580,"IDEALPRO","USD.CNH",0,6.69349,6.69387,0
2022-07-08,74510943,"IDEALPRO","USD.CNH",0,6.69338,6.69376,0
2022-07-08,74511335,"IDEALPRO","USD.CNH",0,6.69337,6.69376,0
2022-07-08,74512513,"IDEALPRO","USD.CNH",0,6.69342,6.6938,0
2022-07-08,74513744,"IDEALPRO","USD.CNH",0,6.69341,6.6938,0
2022-07-08,74515982,"IDEALPRO","USD.CNH",0,6.69341,6.69381,0
2022-07-08,74519740,"IDEALPRO","USD.CNH",0,6.69345,6.69384,0
2022-07-08,74552212,"IDEALPRO","USD.CNH",0,6.69346,6.69384,0
2022-07-08,74602822,"IDEALPRO","USD.CNH",0,6.69342,6.69382,0
2022-07-08,74607646,"IDEALPRO","USD.CNH",0,6.69346,6.69384,0
2022-07-08,74754726,"IDEALPRO","USD.CNH",0,6.69342,6.6938,0
2022-07-08,74755958,"IDEALPRO","USD.CNH",0,6.6934,6.6938,0
2022-07-08,74757137,"IDEALPRO","USD.CNH",0,6.69341,6.6938,0
2022-07-08,74758228,"IDEALPRO","USD.CNH",0,6.69341,6.69381,0
2022-07-08,74759442,"IDEALPRO","USD.CNH",0,6.6934,6.6938,0
2022-07-08,74801798,"IDEALPRO","USD.CNH",0,6.6934,6.69381,0
2022-07-08,74803137,"IDEALPRO","USD.CNH",0,6.69339,6.69381,0
2022-07-08,74804147,"IDEALPRO","USD.CNH",0,6.6934,6.69382,0
2022-07-08,74805183,"IDEALPRO","USD.CNH",0,6.69335,6.69377,0
2022-07-08,74806351,"IDEALPRO","USD.CNH",0,6.6934,6.69382,0
2022-07-08,74807550,"IDEALPRO","USD.CNH",0,6.69339,6.69381,0
2022-07-08,74809765,"IDEALPRO","USD.CNH",0,6.69339,6.69382,0
2022-07-08,74811140,"IDEALPRO","USD.CNH",0,6.69338,6.69381,0
2022-07-08,74812266,"IDEALPRO","USD.CNH",0,6.69338,6.69382,0
2022-07-08,74813444,"IDEALPRO","USD.CNH",0,6.69338,6.69381,0
2022-07-08,74814426,"IDEALPRO","USD.CNH",0,6.69338,6.69382,0
2022-07-08,74816428,"IDEALPRO","USD.CNH",0,6.69337,6.69381,0
2022-07-08,74819584,"IDEALPRO","USD.CNH",0,6.69337,6.69382,0
2022-07-08,74825783,"IDEALPRO","USD.CNH",0,6.69334,6.69378,0
2022-07-08,74828381,"IDEALPRO","USD.CNH",0,6.69338,6.69383,0
2022-07-08,74832240,"IDEALPRO","USD.CNH",0,6.69339,6.69384,0
2022-07-08,74833416,"IDEALPRO","USD.CNH",0,6.69337,6.69383,0
2022-07-08,74834005,"IDEALPRO","USD.CNH",0,6.69331,6.69377,0
2022-07-08,74840574,"IDEALPRO","USD.CNH",0,6.69334,6.69379,0
2022-07-08,74849020,"IDEALPRO","USD.CNH",0,6.69331,6.69378,0
2022-07-08,74850000,"IDEALPRO","USD.CNH",0,6.69335,6.69382,0
2022-07-08,74852635,"IDEALPRO","USD.CNH",0,6.69331,6.69378,0
2022-07-08,74854224,"IDEALPRO","USD.CNH",0,6.6933,6.69378,0
2022-07-08,74855246,"IDEALPRO","USD.CNH",0,6.69334,6.69382,0
2022-07-08,74856449,"IDEALPRO","USD.CNH",0,6.69334,6.69381,0
2022-07-08,74859158,"IDEALPRO","USD.CNH",0,6.69334,6.69382,0
2022-07-08,74904364,"IDEALPRO","USD.CNH",0,6.69333,6.69381,0
2022-07-08,74908675,"IDEALPRO","USD.CNH",0,6.69333,6.69382,0
2022-07-08,74909853,"IDEALPRO","USD.CNH",0,6.6935,6.69538,0
2022-07-08,74910637,"IDEALPRO","USD.CNH",0,6.69287,6.69475,0
2022-07-08,74911816,"IDEALPRO","USD.CNH",0,6.6929,6.69475,0
2022-07-08,74912406,"IDEALPRO","USD.CNH",0,6.69285,6.69475,0
2022-07-08,74913779,"IDEALPRO","USD.CNH",0,6.69282,6.6947,0
2022-07-08,74914995,"IDEALPRO","USD.CNH",0,6.69294,6.69466,0
2022-07-08,74921995,"IDEALPRO","USD.CNH",0,6.69291,6.69466,0
2022-07-08,74922191,"IDEALPRO","USD.CNH",0,6.69292,6.69466,0
2022-07-08,74923893,"IDEALPRO","USD.CNH",0,6.69291,6.69466,0
2022-07-08,74926421,"IDEALPRO","USD.CNH",0,6.69291,6.69466,0
2022-07-08,74927401,"IDEALPRO","USD.CNH",0,6.69297,6.69466,0
2022-07-08,74928315,"IDEALPRO","USD.CNH",0,6.69291,6.69466,0
2022-07-08,74929112,"IDEALPRO","USD.CNH",0,6.69296,6.69466,0
2022-07-08,74931897,"IDEALPRO","USD.CNH",0,6.69295,6.69475,0
2022-07-08,74932877,"IDEALPRO","USD.CNH",0,6.69292,6.69475,0
2022-07-08,74933270,"IDEALPRO","USD.CNH",0,6.69293,6.69473,0
2022-07-08,74936731,"IDEALPRO","USD.CNH",0,6.69296,6.69475,0
2022-07-08,74937532,"IDEALPRO","USD.CNH",0,6.69294,6.69473,0
2022-07-08,74944143,"IDEALPRO","USD.CNH",0,6.69316,6.69449,0
2022-07-08,74945578,"IDEALPRO","USD.CNH",0,6.6932,6.69453,0
2022-07-08,74947248,"IDEALPRO","USD.CNH",0,6.69319,6.69454,0
2022-07-08,74951552,"IDEALPRO","USD.CNH",0,6.69319,6.69457,0
2022-07-08,74955579,"IDEALPRO","USD.CNH",0,6.69314,6.69451,0
2022-07-08,74956757,"IDEALPRO","USD.CNH",0,6.69316,6.69458,0
2022-07-08,75000953,"IDEALPRO","USD.CNH",0,6.69315,6.69459,0
2022-07-08,75004591,"IDEALPRO","USD.CNH",0,6.69311,6.69454,0
2022-07-08,75005613,"IDEALPRO","USD.CNH",0,6.69315,6.6946,0
2022-07-08,75006202,"IDEALPRO","USD.CNH",0,6.69306,6.69452,0
2022-07-08,75008772,"IDEALPRO","USD.CNH",0,6.69305,6.69452,0
2022-07-08,75009690,"IDEALPRO","USD.CNH",0,6.69311,6.69458,0
2022-07-08,75011084,"IDEALPRO","USD.CNH",0,6.69311,6.69459,0
2022-07-08,75013688,"IDEALPRO","USD.CNH",0,6.69309,6.69457,0
2022-07-08,75019802,"IDEALPRO","USD.CNH",0,6.69312,6.69461,0
2022-07-08,75021109,"IDEALPRO","USD.CNH",0,6.69307,6.69459,0
2022-07-08,75023312,"IDEALPRO","USD.CNH",0,6.69303,6.69455,0
2022-07-08,75047342,"IDEALPRO","USD.CNH",0,6.69298,6.69454,0
2022-07-08,75125559,"IDEALPRO","USD.CNH",0,6.69293,6.69452,0
2022-07-08,75129731,"IDEALPRO","USD.CNH",0,6.69293,6.69453,0
2022-07-08,75151687,"IDEALPRO","USD.CNH",0,6.69292,6.69454,0
2022-07-08,75153462,"IDEALPRO","USD.CNH",0,6.69291,6.69453,0
2022-07-08,75158584,"IDEALPRO","USD.CNH",0,6.69289,6.6945,0
2022-07-08,75205524,"IDEALPRO","USD.CNH",0,6.69342,6.69505,0
2022-07-08,75210982,"IDEALPRO","USD.CNH",0,6.69337,6.69496,0
2022-07-08,75211375,"IDEALPRO","USD.CNH",0,6.69344,6.69502,0
2022-07-08,75213102,"IDEALPRO","USD.CNH",0,6.69344,6.69501,0
2022-07-08,75215617,"IDEALPRO","USD.CNH",0,6.6936,6.69514,0
2022-07-08,75221720,"IDEALPRO","USD.CNH",0,6.69362,6.69513,0
2022-07-08,75227835,"IDEALPRO","USD.CNH",0,6.69339,6.69488,0
2022-07-08,75228620,"IDEALPRO","USD.CNH",0,6.6931,6.69459,0
2022-07-08,75230539,"IDEALPRO","USD.CNH",0,6.69313,6.69462,0
2022-07-08,75234634,"IDEALPRO","USD.CNH",0,6.69318,6.69466,0
2022-07-08,75245469,"IDEALPRO","USD.CNH",0,6.69299,6.69444,0
2022-07-08,75246471,"IDEALPRO","USD.CNH",0,6.69305,6.69449,0
2022-07-08,75255693,"IDEALPRO","USD.CNH",0,6.69305,6.69448,0
2022-07-08,75305603,"IDEALPRO","USD.CNH",0,6.69304,6.69443,0
2022-07-08,75308375,"IDEALPRO","USD.CNH",0,6.69301,6.6944,0
2022-07-08,75312406,"IDEALPRO","USD.CNH",0,6.69305,6.69444,0
2022-07-08,75313612,"IDEALPRO","USD.CNH",0,6.69305,6.69443,0
2022-07-08,75315715,"IDEALPRO","USD.CNH",0,6.69306,6.69444,0
2022-07-08,75316904,"IDEALPRO","USD.CNH",0,6.69306,6.69444,0
2022-07-08,75320523,"IDEALPRO","USD.CNH",0,6.69312,6.69448,0
2022-07-08,75323636,"IDEALPRO","USD.CNH",0,6.69303,6.6944,0
2022-07-08,75324873,"IDEALPRO","USD.CNH",0,6.69312,6.69447,0
2022-07-08,75325741,"IDEALPRO","USD.CNH",0,6.69309,6.69443,0
2022-07-08,75326742,"IDEALPRO","USD.CNH",0,6.69313,6.69447,0
2022-07-08,75327843,"IDEALPRO","USD.CNH",0,6.69309,6.69443,0
2022-07-08,75337618,"IDEALPRO","USD.CNH",0,6.69304,6.69438,0
2022-07-08,75400400,"IDEALPRO","USD.CNH",0,6.69303,6.69436,0
2022-07-08,75442564,"IDEALPRO","USD.CNH",0,6.69296,6.6943,0
2022-07-08,75446673,"IDEALPRO","USD.CNH",0,6.693,6.69434,0
2022-07-08,75500406,"IDEALPRO","USD.CNH",0,6.69302,6.69435,0
2022-07-08,75503098,"IDEALPRO","USD.CNH",0,6.69303,6.69436,0
2022-07-08,75519693,"IDEALPRO","USD.CNH",0,6.69302,6.69435,0
2022-07-08,75532062,"IDEALPRO","USD.CNH",0,6.69303,6.69436,0
2022-07-08,75619838,"IDEALPRO","USD.CNH",0,6.69306,6.6944,0
2022-07-08,75624214,"IDEALPRO","USD.CNH",0,6.69307,6.69441,0
2022-07-08,75630054,"IDEALPRO","USD.CNH",0,6.69312,6.69445,0
2022-07-08,75633980,"IDEALPRO","USD.CNH",0,6.69311,6.69444,0
2022-07-08,75635591,"IDEALPRO","USD.CNH",0,6.69315,6.69449,0
2022-07-08,75636478,"IDEALPRO","USD.CNH",0,6.6931,6.69444,0
2022-07-08,75637889,"IDEALPRO","USD.CNH",0,6.69315,6.69448,0
2022-07-08,75713151,"IDEALPRO","USD.CNH",0,6.69312,6.69445,0
2022-07-08,75716557,"IDEALPRO","USD.CNH",0,6.69306,6.6944,0
2022-07-08,75739393,"IDEALPRO","USD.CNH",0,6.69306,6.69441,0
2022-07-08,75743514,"IDEALPRO","USD.CNH",0,6.69304,6.69439,0
2022-07-08,75748265,"IDEALPRO","USD.CNH",0,6.69311,6.69439,0
2022-07-08,75751426,"IDEALPRO","USD.CNH",0,6.69311,6.6944,0
2022-07-08,75802296,"IDEALPRO","USD.CNH",0,6.69304,6.6944,0
2022-07-08,75808430,"IDEALPRO","USD.CNH",0,6.69305,6.69441,0
2022-07-08,75822475,"IDEALPRO","USD.CNH",0,6.69301,6.69438,0
2022-07-08,75831701,"IDEALPRO","USD.CNH",0,6.69299,6.69436,0
2022-07-08,75837711,"IDEALPRO","USD.CNH",0,6.69294,6.69433,0
2022-07-08,75905983,"IDEALPRO","USD.CNH",0,6.69274,6.69404,0
2022-07-08,75906178,"IDEALPRO","USD.CNH",0,6.69279,6.69409,0
2022-07-08,75910655,"IDEALPRO","USD.CNH",0,6.69276,6.69406,0
2022-07-08,75934243,"IDEALPRO","USD.CNH",0,6.6928,6.69413,0
2022-07-08,75955478,"IDEALPRO","USD.CNH",0,6.69281,6.69414,0
2022-07-08,75956458,"IDEALPRO","USD.CNH",0,6.69283,6.69416,0
2022-07-08,80000832,"IDEALPRO","USD.CNH",0,6.69305,6.69415,0
2022-07-08,80001814,"IDEALPRO","USD.CNH",0,6.69276,6.6939,0
2022-07-08,80002402,"IDEALPRO","USD.CNH",0,6.69275,6.69385,0
2022-07-08,80004364,"IDEALPRO","USD.CNH",0,6.69275,6.69387,0
2022-07-08,80005205,"IDEALPRO","USD.CNH",0,6.69275,6.69385,0
2022-07-08,80008837,"IDEALPRO","USD.CNH",0,6.69275,6.69385,0
2022-07-08,80012961,"IDEALPRO","USD.CNH",0,6.69277,6.69391,0
2022-07-08,80014727,"IDEALPRO","USD.CNH",0,6.69276,6.6939,0
2022-07-08,80015749,"IDEALPRO","USD.CNH",0,6.69276,6.6939,0
2022-07-08,80016730,"IDEALPRO","USD.CNH",0,6.69287,6.69378,0
2022-07-08,80017712,"IDEALPRO","USD.CNH",0,6.69288,6.69379,0
2022-07-08,80019872,"IDEALPRO","USD.CNH",0,6.69295,6.69378,0
2022-07-08,80020068,"IDEALPRO","USD.CNH",0,6.69295,6.69379,0
2022-07-08,80021835,"IDEALPRO","USD.CNH",0,6.69294,6.69379,0
2022-07-08,80022032,"IDEALPRO","USD.CNH",0,6.69295,6.6938,0
2022-07-08,80023797,"IDEALPRO","USD.CNH",0,6.69296,6.6938,0
2022-07-08,80024387,"IDEALPRO","USD.CNH",0,6.69295,6.6938,0
2022-07-08,80025604,"IDEALPRO","USD.CNH",0,6.69296,6.6938,0
2022-07-08,80026193,"IDEALPRO","USD.CNH",0,6.69291,6.69378,0
2022-07-08,80027567,"IDEALPRO","USD.CNH",0,6.69291,6.69378,0
2022-07-08,80028745,"IDEALPRO","USD.CNH",0,6.69276,6.69367,0
2022-07-08,80033874,"IDEALPRO","USD.CNH",0,6.69277,6.69368,0
2022-07-08,80034268,"IDEALPRO","USD.CNH",0,6.69276,6.69367,0
2022-07-08,80035877,"IDEALPRO","USD.CNH",0,6.69276,6.69367,0
2022-07-08,80037643,"IDEALPRO","USD.CNH",0,6.69278,6.69369,0
2022-07-08,80040983,"IDEALPRO","USD.CNH",0,6.69286,6.69377,0
2022-07-08,80041965,"IDEALPRO","USD.CNH",0,6.69286,6.69377,0
2022-07-08,80042160,"IDEALPRO","USD.CNH",0,6.69287,6.69378,0
2022-07-08,80044950,"IDEALPRO","USD.CNH",0,6.69285,6.69376,0
2022-07-08,80045932,"IDEALPRO","USD.CNH",0,6.69286,6.69377,0
2022-07-08,80046127,"IDEALPRO","USD.CNH",0,6.69285,6.69376,0
2022-07-08,80047699,"IDEALPRO","USD.CNH",0,6.69285,6.69376,0
2022-07-08,80048879,"IDEALPRO","USD.CNH",0,6.69286,6.69377,0
2022-07-08,80049861,"IDEALPRO","USD.CNH",0,6.69286,6.69377,0
2022-07-08,80050842,"IDEALPRO","USD.CNH",0,6.69286,6.69377,0
2022-07-08,80051825,"IDEALPRO","USD.CNH",0,6.69287,6.69378,0
2022-07-08,80052413,"IDEALPRO","USD.CNH",0,6.69286,6.69377,0
2022-07-08,80053788,"IDEALPRO","USD.CNH",0,6.6929,6.69381,0
2022-07-08,80055201,"IDEALPRO","USD.CNH",0,6.69291,6.69382,0
2022-07-08,80059913,"IDEALPRO","USD.CNH",0,6.69293,6.6937,0
2022-07-08,80100502,"IDEALPRO","USD.CNH",0,6.69291,6.6938,0
2022-07-08,80101679,"IDEALPRO","USD.CNH",0,6.69293,6.69379,0
2022-07-08,80102465,"IDEALPRO","USD.CNH",0,6.69301,6.69365,0
2022-07-08,80106988,"IDEALPRO","USD.CNH",0,6.6931,6.69365,0
2022-07-08,80107772,"IDEALPRO","USD.CNH",0,6.6932,6.69378,0
2022-07-08,80111894,"IDEALPRO","USD.CNH",0,6.6932,6.69383,0
2022-07-08,80112680,"IDEALPRO","USD.CNH",0,6.6932,6.6937,0
2022-07-08,80113466,"IDEALPRO","USD.CNH",0,6.69305,6.69365,0
2022-07-08,80114448,"IDEALPRO","USD.CNH",0,6.69305,6.69366,0
2022-07-08,80120700,"IDEALPRO","USD.CNH",0,6.69312,6.69369,0
2022-07-08,80123450,"IDEALPRO","USD.CNH",0,6.69321,6.69375,0
2022-07-08,80124863,"IDEALPRO","USD.CNH",0,6.69327,6.69379,0
2022-07-08,80126829,"IDEALPRO","USD.CNH",0,6.69324,6.69375,0
2022-07-08,80128794,"IDEALPRO","USD.CNH",0,6.69326,6.69367,0
2022-07-08,80129775,"IDEALPRO","USD.CNH",0,6.69329,6.69374,0
2022-07-08,80131543,"IDEALPRO","USD.CNH",0,6.69329,6.69375,0
2022-07-08,80133507,"IDEALPRO","USD.CNH",0,6.69329,6.69375,0
2022-07-08,80137866,"IDEALPRO","USD.CNH",0,6.69329,6.69365,0
2022-07-08,80139830,"IDEALPRO","USD.CNH",0,6.69329,6.6936,0
2022-07-08,80140810,"IDEALPRO","USD.CNH",0,6.69329,6.69361,0
2022-07-08,80141401,"IDEALPRO","USD.CNH",0,6.6933,6.69366,0
2022-07-08,80143954,"IDEALPRO","USD.CNH",0,6.6933,6.69369,0
2022-07-08,80148870,"IDEALPRO","USD.CNH",0,6.69325,6.69369,0
2022-07-08,80149671,"IDEALPRO","USD.CNH",0,6.69329,6.69369,0
2022-07-08,80155510,"IDEALPRO","USD.CNH",0,6.69329,6.69372,0
2022-07-08,80156099,"IDEALPRO","USD.CNH",0,6.69329,6.69369,0
2022-07-08,80157578,"IDEALPRO","USD.CNH",0,6.69329,6.69372,0
2022-07-08,80158166,"IDEALPRO","USD.CNH",0,6.69329,6.69369,0
2022-07-08,80204782,"IDEALPRO","USD.CNH",0,6.69329,6.69369,0
2022-07-08,80205416,"IDEALPRO","USD.CNH",0,6.69322,6.69365,0
2022-07-08,80208894,"IDEALPRO","USD.CNH",0,6.69322,6.69365,0
2022-07-08,80209090,"IDEALPRO","USD.CNH",0,6.69319,6.69363,0
2022-07-08,80213965,"IDEALPRO","USD.CNH",0,6.69319,6.69363,0
2022-07-08,80223633,"IDEALPRO","USD.CNH",0,6.69324,6.69367,0
2022-07-08,80302765,"IDEALPRO","USD.CNH",0,6.69334,6.69373,0
2022-07-08,80303552,"IDEALPRO","USD.CNH",0,6.69334,6.69377,0
2022-07-08,80304733,"IDEALPRO","USD.CNH",0,6.69338,6.69377,0
2022-07-08,80305574,"IDEALPRO","USD.CNH",0,6.69338,6.69375,0
2022-07-08,80306558,"IDEALPRO","USD.CNH",0,6.69338,6.69376,0
2022-07-08,80309904,"IDEALPRO","USD.CNH",0,6.69338,6.69376,0
2022-07-08,80310298,"IDEALPRO","USD.CNH",0,6.69338,6.69371,0
2022-07-08,80317636,"IDEALPRO","USD.CNH",0,6.69338,6.6936,0
2022-07-08,80318816,"IDEALPRO","USD.CNH",0,6.69338,6.69362,0
2022-07-08,80319997,"IDEALPRO","USD.CNH",0,6.69338,6.69362,0
2022-07-08,80320784,"IDEALPRO","USD.CNH",0,6.69338,6.69358,0
2022-07-08,80321965,"IDEALPRO","USD.CNH",0,6.69338,6.69353,0
2022-07-08,80322358,"IDEALPRO","USD.CNH",0,6.69338,6.69357,0
2022-07-08,80323736,"IDEALPRO","USD.CNH",0,6.69271,6.69331,0
2022-07-08,80324523,"IDEALPRO","USD.CNH",0,6.69296,6.69334,0
2022-07-08,80325940,"IDEALPRO","USD.CNH",0,6.69304,6.69341,0
2022-07-08,80326925,"IDEALPRO","USD.CNH",0,6.6931,6.69337,0
2022-07-08,80327862,"IDEALPRO","USD.CNH",0,6.6931,6.69336,0
2022-07-08,80328656,"IDEALPRO","USD.CNH",0,6.6931,6.69337,0
2022-07-08,80330821,"IDEALPRO","USD.CNH",0,6.6931,6.69338,0
2022-07-08,80331018,"IDEALPRO","USD.CNH",0,6.69314,6.69338,0
2022-07-08,80333771,"IDEALPRO","USD.CNH",0,6.69314,6.69337,0
2022-07-08,80334164,"IDEALPRO","USD.CNH",0,6.69314,6.69341,0
2022-07-08,80335778,"IDEALPRO","USD.CNH",0,6.69312,6.69337,0
2022-07-08,80336971,"IDEALPRO","USD.CNH",0,6.69313,6.69337,0
2022-07-08,80338742,"IDEALPRO","USD.CNH",0,6.69315,6.69336,0
2022-07-08,80339332,"IDEALPRO","USD.CNH",0,6.69315,6.69335,0
2022-07-08,80340906,"IDEALPRO","USD.CNH",0,6.69315,6.69341,0
2022-07-08,80342676,"IDEALPRO","USD.CNH",0,6.69329,6.6937,0
2022-07-08,80343858,"IDEALPRO","USD.CNH",0,6.69324,6.6937,0
2022-07-08,80344841,"IDEALPRO","USD.CNH",0,6.6933,6.69366,0
2022-07-08,80345865,"IDEALPRO","USD.CNH",0,6.6933,6.6937,0
2022-07-08,80347833,"IDEALPRO","USD.CNH",0,6.6933,6.6937,0
2022-07-08,80348620,"IDEALPRO","USD.CNH",0,6.6933,6.6937,0
2022-07-08,80349800,"IDEALPRO","USD.CNH",0,6.6933,6.6937,0
2022-07-08,80350784,"IDEALPRO","USD.CNH",0,6.6933,6.69373,0
2022-07-08,80351374,"IDEALPRO","USD.CNH",0,6.6933,6.69373,0
2022-07-08,80352357,"IDEALPRO","USD.CNH",0,6.6933,6.69356,0
2022-07-08,80353339,"IDEALPRO","USD.CNH",0,6.6933,6.6937,0
2022-07-08,80355755,"IDEALPRO","USD.CNH",0,6.6933,6.69352,0
2022-07-08,80356936,"IDEALPRO","USD.CNH",0,6.69311,6.69365,0
2022-07-08,80400084,"IDEALPRO","USD.CNH",0,6.69318,6.69365,0
2022-07-08,80401857,"IDEALPRO","USD.CNH",0,6.69318,6.69365,0
2022-07-08,80402841,"IDEALPRO","USD.CNH",0,6.69328,6.69368,0
2022-07-08,80404612,"IDEALPRO","USD.CNH",0,6.69328,6.69373,0
2022-07-08,80405417,"IDEALPRO","USD.CNH",0,6.69315,6.69365,0
2022-07-08,80410626,"IDEALPRO","USD.CNH",0,6.69319,6.69367,0
2022-07-08,80411839,"IDEALPRO","USD.CNH",0,6.69303,6.69362,0
2022-07-08,80412823,"IDEALPRO","USD.CNH",0,6.69306,6.69356,0
2022-07-08,80413216,"IDEALPRO","USD.CNH",0,6.69313,6.69359,0
2022-07-08,80414200,"IDEALPRO","USD.CNH",0,6.69311,6.69359,0
2022-07-08,80415420,"IDEALPRO","USD.CNH",0,6.69311,6.69356,0
2022-07-08,80416994,"IDEALPRO","USD.CNH",0,6.69317,6.69361,0
2022-07-08,80418175,"IDEALPRO","USD.CNH",0,6.69321,6.69361,0
2022-07-08,80419157,"IDEALPRO","USD.CNH",0,6.69321,6.69361,0
2022-07-08,80422928,"IDEALPRO","USD.CNH",0,6.69306,6.69361,0
2022-07-08,80424982,"IDEALPRO","USD.CNH",0,6.69306,6.69361,0
2022-07-08,80427578,"IDEALPRO","USD.CNH",0,6.69306,6.69361,0
2022-07-08,80429155,"IDEALPRO","USD.CNH",0,6.69306,6.69361,0
2022-07-08,80430926,"IDEALPRO","USD.CNH",0,6.69306,6.69361,0
2022-07-08,80432104,"IDEALPRO","USD.CNH",0,6.69306,6.69361,0
2022-07-08,80434095,"IDEALPRO","USD.CNH",0,6.69306,6.69361,0
2022-07-08,80436692,"IDEALPRO","USD.CNH",0,6.69306,6.69361,0
2022-07-08,80437086,"IDEALPRO","USD.CNH",0,6.69306,6.69361,0
2022-07-08,80438856,"IDEALPRO","USD.CNH",0,6.69306,6.69361,0
2022-07-08,80439053,"IDEALPRO","USD.CNH",0,6.69306,6.69361,0
2022-07-08,80441807,"IDEALPRO","USD.CNH",0,6.69307,6.69355,0
2022-07-08,80445978,"IDEALPRO","USD.CNH",0,6.69299,6.69355,0
2022-07-08,80446569,"IDEALPRO","USD.CNH",0,6.69303,6.6936,0
2022-07-08,80447947,"IDEALPRO","USD.CNH",0,6.69302,6.69359,0
2022-07-08,80450204,"IDEALPRO","USD.CNH",0,6.69303,6.6936,0
2022-07-08,80455806,"IDEALPRO","USD.CNH",0,6.6932,6.69362,0
2022-07-08,80456200,"IDEALPRO","USD.CNH",0,6.6932,6.69369,0
2022-07-08,80500530,"IDEALPRO","USD.CNH",0,6.6932,6.69367,0
2022-07-08,80502891,"IDEALPRO","USD.CNH",0,6.6932,6.69369,0
2022-07-08,80504765,"IDEALPRO","USD.CNH",0,6.6932,6.69369,0
2022-07-08,80505984,"IDEALPRO","USD.CNH",0,6.6933,6.69379,0
2022-07-08,80506968,"IDEALPRO","USD.CNH",0,6.69344,6.69379,0
2022-07-08,80508346,"IDEALPRO","USD.CNH",0,6.69344,6.69387,0
2022-07-08,80509920,"IDEALPRO","USD.CNH",0,6.69357,6.69399,0
2022-07-08,80510116,"IDEALPRO","USD.CNH",0,6.69357,6.69399,0
2022-07-08,80512872,"IDEALPRO","USD.CNH",0,6.69357,6.69395,0
2022-07-08,80513659,"IDEALPRO","USD.CNH",0,6.69357,6.69397,0
2022-07-08,80514839,"IDEALPRO","USD.CNH",0,6.69354,6.69395,0
2022-07-08,80515077,"IDEALPRO","USD.CNH",0,6.69354,6.69393,0
2022-07-08,80519673,"IDEALPRO","USD.CNH",0,6.69351,6.69396,0
2022-07-08,80521247,"IDEALPRO","USD.CNH",0,6.69351,6.69396,0
2022-07-08,80523213,"IDEALPRO","USD.CNH",0,6.69351,6.69396,0
2022-07-08,80526023,"IDEALPRO","USD.CNH",0,6.69354,6.69395,0
2022-07-08,80529367,"IDEALPRO","USD.CNH",0,6.69355,6.69395,0
2022-07-08,80532318,"IDEALPRO","USD.CNH",0,6.69354,6.69395,0
2022-07-08,80533893,"IDEALPRO","USD.CNH",0,6.69358,6.69395,0
2022-07-08,80534287,"IDEALPRO","USD.CNH",0,6.69359,6.69395,0
2022-07-08,80535900,"IDEALPRO","USD.CNH",0,6.69358,6.69393,0
2022-07-08,80537623,"IDEALPRO","USD.CNH",0,6.69355,6.69393,0
2022-07-08,80539197,"IDEALPRO","USD.CNH",0,6.69354,6.69393,0
2022-07-08,80540422,"IDEALPRO","USD.CNH",0,6.69353,6.69393,0
2022-07-08,80547930,"IDEALPRO","USD.CNH",0,6.69358,6.69393,0
2022-07-08,80548911,"IDEALPRO","USD.CNH",0,6.69359,6.69393,0
2022-07-08,80549107,"IDEALPRO","USD.CNH",0,6.69361,6.69393,0
2022-07-08,80550482,"IDEALPRO","USD.CNH",0,6.69364,6.69393,0
2022-07-08,80552838,"IDEALPRO","USD.CNH",0,6.69367,6.69393,0
2022-07-08,80553428,"IDEALPRO","USD.CNH",0,6.69368,6.69393,0
2022-07-08,80554804,"IDEALPRO","USD.CNH",0,6.6939,6.69459,0
2022-07-08,80555824,"IDEALPRO","USD.CNH",0,6.69393,6.69459,0
2022-07-08,80556609,"IDEALPRO","USD.CNH",0,6.69393,6.69464,0
2022-07-08,80557787,"IDEALPRO","USD.CNH",0,6.69393,6.69464,0
2022-07-08,80602892,"IDEALPRO","USD.CNH",0,6.69375,6.69427,0
2022-07-08,80607680,"IDEALPRO","USD.CNH",0,6.69374,6.69426,0
2022-07-08,80621788,"IDEALPRO","USD.CNH",0,6.69372,6.6943,0
2022-07-08,80622710,"IDEALPRO","USD.CNH",0,6.69365,6.69423,0
2022-07-08,80623103,"IDEALPRO","USD.CNH",0,6.69365,6.69423,0
2022-07-08,80624477,"IDEALPRO","USD.CNH",0,6.69348,6.69401,0
2022-07-08,80627068,"IDEALPRO","USD.CNH",0,6.6935,6.694,0
2022-07-08,80628836,"IDEALPRO","USD.CNH",0,6.69354,6.69399,0
2022-07-08,80631617,"IDEALPRO","USD.CNH",0,6.69354,6.694,0
2022-07-08,80633580,"IDEALPRO","USD.CNH",0,6.69362,6.69401,0
2022-07-08,80636563,"IDEALPRO","USD.CNH",0,6.69364,6.69409,0
2022-07-08,80639909,"IDEALPRO","USD.CNH",0,6.69366,6.69409,0
2022-07-08,80640105,"IDEALPRO","USD.CNH",0,6.69366,6.69413,0
2022-07-08,80643439,"IDEALPRO","USD.CNH",0,6.69371,6.69418,0
2022-07-08,80645282,"IDEALPRO","USD.CNH",0,6.69371,6.69423,0
2022-07-08,80646658,"IDEALPRO","USD.CNH",0,6.69375,6.69423,0
2022-07-08,80649842,"IDEALPRO","USD.CNH",0,6.69375,6.69423,0
2022-07-08,80657539,"IDEALPRO","USD.CNH",0,6.69391,6.69426,0
2022-07-08,80658913,"IDEALPRO","USD.CNH",0,6.6939,6.69425,0
2022-07-08,80659895,"IDEALPRO","USD.CNH",0,6.6939,6.69424,0
2022-07-08,80700483,"IDEALPRO","USD.CNH",0,6.6939,6.69425,0
2022-07-08,80704783,"IDEALPRO","USD.CNH",0,6.6939,6.69427,0
2022-07-08,80710706,"IDEALPRO","USD.CNH",0,6.6939,6.69427,0
2022-07-08,80718481,"IDEALPRO","USD.CNH",0,6.6939,6.69427,0
2022-07-08,80726179,"IDEALPRO","USD.CNH",0,6.69396,6.69427,0
2022-07-08,80727161,"IDEALPRO","USD.CNH",0,6.69404,6.69428,0
2022-07-08,80728633,"IDEALPRO","USD.CNH",0,6.69404,6.69432,0
2022-07-08,80729812,"IDEALPRO","USD.CNH",0,6.69406,6.69444,0
2022-07-08,80730990,"IDEALPRO","USD.CNH",0,6.69417,6.69444,0
2022-07-08,80731382,"IDEALPRO","USD.CNH",0,6.69417,6.69448,0
2022-07-08,80733933,"IDEALPRO","USD.CNH",0,6.69417,6.6944,0
2022-07-08,80734257,"IDEALPRO","USD.CNH",0,6.69417,6.69443,0
2022-07-08,80736759,"IDEALPRO","USD.CNH",0,6.69417,6.6944,0
2022-07-08,80737957,"IDEALPRO","USD.CNH",0,6.69417,6.6944,0
2022-07-08,80738938,"IDEALPRO","USD.CNH",0,6.69417,6.6944,0
2022-07-08,80742070,"IDEALPRO","USD.CNH",0,6.69412,6.69443,0
2022-07-08,80743837,"IDEALPRO","USD.CNH",0,6.69422,6.69441,0
2022-07-08,80745708,"IDEALPRO","USD.CNH",0,6.69422,6.69439,0
2022-07-08,80746295,"IDEALPRO","USD.CNH",0,6.69422,6.69444,0
2022-07-08,80748846,"IDEALPRO","USD.CNH",0,6.69422,6.69443,0
2022-07-08,80754108,"IDEALPRO","USD.CNH",0,6.69422,6.69446,0
2022-07-08,80758876,"IDEALPRO","USD.CNH",0,6.69435,6.69465,0
2022-07-08,80800643,"IDEALPRO","USD.CNH",0,6.69445,6.69472,0
2022-07-08,80801626,"IDEALPRO","USD.CNH",0,6.69442,6.69526,0
2022-07-08,80802607,"IDEALPRO","USD.CNH",0,6.69478,6.69522,0
2022-07-08,80803983,"IDEALPRO","USD.CNH",0,6.69465,6.69523,0
2022-07-08,80804573,"IDEALPRO","USD.CNH",0,6.69473,6.69534,0
2022-07-08,80806590,"IDEALPRO","USD.CNH",0,6.69473,6.69534,0
2022-07-08,80807769,"IDEALPRO","USD.CNH",0,6.69473,6.6953,0
2022-07-08,80808358,"IDEALPRO","USD.CNH",0,6.69473,6.69534,0
2022-07-08,80809732,"IDEALPRO","USD.CNH",0,6.69473,6.69529,0
2022-07-08,80811891,"IDEALPRO","USD.CNH",0,6.69477,6.69533,0
2022-07-08,80812873,"IDEALPRO","USD.CNH",0,6.69477,6.69532,0
2022-07-08,80813855,"IDEALPRO","USD.CNH",0,6.69477,6.69533,0
2022-07-08,80816461,"IDEALPRO","USD.CNH",0,6.69477,6.69532,0
2022-07-08,80817639,"IDEALPRO","USD.CNH",0,6.69477,6.69532,0
2022-07-08,80818033,"IDEALPRO","USD.CNH",0,6.69477,6.69533,0
2022-07-08,80822940,"IDEALPRO","USD.CNH",0,6.69477,6.6953,0
2022-07-08,80824510,"IDEALPRO","USD.CNH",0,6.69477,6.69526,0
2022-07-08,80825140,"IDEALPRO","USD.CNH",0,6.69477,6.6953,0
2022-07-08,80827925,"IDEALPRO","USD.CNH",0,6.69475,6.69525,0
2022-07-08,80828513,"IDEALPRO","USD.CNH",0,6.69475,6.69523,0
2022-07-08,80830871,"IDEALPRO","USD.CNH",0,6.69475,6.69524,0
2022-07-08,80831461,"IDEALPRO","USD.CNH",0,6.69475,6.69525,0
2022-07-08,80833029,"IDEALPRO","USD.CNH",0,6.6948,6.69523,0
2022-07-08,80846550,"IDEALPRO","USD.CNH",0,6.6948,6.69528,0
2022-07-08,80904400,"IDEALPRO","USD.CNH",0,6.6948,6.6953,0
2022-07-08,80911172,"IDEALPRO","USD.CNH",0,6.69485,6.6953,0
2022-07-08,81000608,"IDEALPRO","USD.CNH",0,6.69481,6.69526,0
2022-07-08,81004563,"IDEALPRO","USD.CNH",0,6.69479,6.69525,0
2022-07-08,81013849,"IDEALPRO","USD.CNH",0,6.69463,6.69509,0
2022-07-08,81014635,"IDEALPRO","USD.CNH",0,6.69453,6.69509,0
2022-07-08,81015656,"IDEALPRO","USD.CNH",0,6.69449,6.69505,0
2022-07-08,81028792,"IDEALPRO","USD.CNH",0,6.69449,6.69503,0
2022-07-08,81029576,"IDEALPRO","USD.CNH",0,6.69446,6.69503,0
2022-07-08,81034790,"IDEALPRO","USD.CNH",0,6.69441,6.69481,0
2022-07-08,81035615,"IDEALPRO","USD.CNH",0,6.6942,6.69484,0
2022-07-08,81036988,"IDEALPRO","USD.CNH",0,6.69432,6.69471,0
2022-07-08,81037381,"IDEALPRO","USD.CNH",0,6.69432,6.69476,0
2022-07-08,81043526,"IDEALPRO","USD.CNH",0,6.69441,6.69495,0
2022-07-08,81044115,"IDEALPRO","USD.CNH",0,6.69441,6.69497,0
2022-07-08,81047321,"IDEALPRO","USD.CNH",0,6.69441,6.69494,0
2022-07-08,81048500,"IDEALPRO","USD.CNH",0,6.69441,6.6949,0
2022-07-08,81053142,"IDEALPRO","USD.CNH",0,6.69445,6.6949,0
2022-07-08,81055956,"IDEALPRO","USD.CNH",0,6.69445,6.69482,0
2022-07-08,81058862,"IDEALPRO","USD.CNH",0,6.69445,6.6948,0
2022-07-08,81101746,"IDEALPRO","USD.CNH",0,6.69441,6.69484,0
2022-07-08,81106991,"IDEALPRO","USD.CNH",0,6.69427,6.69484,0
2022-07-08,81113075,"IDEALPRO","USD.CNH",0,6.69427,6.6948,0
2022-07-08,81118499,"IDEALPRO","USD.CNH",0,6.69429,6.6948,0
2022-07-08,81119874,"IDEALPRO","USD.CNH",0,6.69434,6.6948,0
2022-07-08,81120660,"IDEALPRO","USD.CNH",0,6.69435,6.69485,0
2022-07-08,81121247,"IDEALPRO","USD.CNH",0,6.69435,6.6948,0
2022-07-08,81124193,"IDEALPRO","USD.CNH",0,6.69435,6.69484,0
2022-07-08,81126783,"IDEALPRO","USD.CNH",0,6.69435,6.69483,0
2022-07-08,81127176,"IDEALPRO","USD.CNH",0,6.69435,6.69486,0
2022-07-08,81128550,"IDEALPRO","USD.CNH",0,6.69432,6.69486,0
2022-07-08,81131495,"IDEALPRO","USD.CNH",0,6.69432,6.69485,0
2022-07-08,81134913,"IDEALPRO","USD.CNH",0,6.69428,6.69485,0
2022-07-08,81136431,"IDEALPRO","USD.CNH",0,6.69431,6.69485,0
2022-07-08,81137609,"IDEALPRO","USD.CNH",0,6.69428,6.69485,0
2022-07-08,81142942,"IDEALPRO","USD.CNH",0,6.69428,6.69485,0
2022-07-08,81144120,"IDEALPRO","USD.CNH",0,6.69432,6.69485,0
2022-07-08,81147695,"IDEALPRO","USD.CNH",0,6.69436,6.69485,0
2022-07-08,81149747,"IDEALPRO","USD.CNH",0,6.69438,6.69488,0
2022-07-08,81150926,"IDEALPRO","USD.CNH",0,6.69438,6.69485,0
2022-07-08,81152348,"IDEALPRO","USD.CNH",0,6.69438,6.69488,0
2022-07-08,81153067,"IDEALPRO","USD.CNH",0,6.69438,6.69485,0
2022-07-08,81154049,"IDEALPRO","USD.CNH",0,6.69438,6.69488,0
2022-07-08,81155774,"IDEALPRO","USD.CNH",0,6.69442,6.6949,0
2022-07-08,81158644,"IDEALPRO","USD.CNH",0,6.69438,6.69485,0
2022-07-08,81202767,"IDEALPRO","USD.CNH",0,6.6944,6.69488,0
2022-07-08,81207536,"IDEALPRO","USD.CNH",0,6.6944,6.69488,0
2022-07-08,81211743,"IDEALPRO","USD.CNH",0,6.6944,6.69488,0
2022-07-08,81223702,"IDEALPRO","USD.CNH",0,6.6944,6.69485,0
2022-07-08,81231006,"IDEALPRO","USD.CNH",0,6.6945,6.69488,0
2022-07-08,81258947,"IDEALPRO","USD.CNH",0,6.6945,6.69463,0
2022-07-08,81300321,"IDEALPRO","USD.CNH",0,6.6945,6.69465,0
2022-07-08,81304985,"IDEALPRO","USD.CNH",0,6.6945,6.69463,0
2022-07-08,81306399,"IDEALPRO","USD.CNH",0,6.6945,6.69468,0
2022-07-08,81308400,"IDEALPRO","USD.CNH",0,6.6945,6.69464,0
2022-07-08,81315930,"IDEALPRO","USD.CNH",0,6.6945,6.6946,0
2022-07-08,81318329,"IDEALPRO","USD.CNH",0,6.6945,6.69467,0
2022-07-08,81320329,"IDEALPRO","USD.CNH",0,6.6945,6.69464,0
2022-07-08,81325376,"IDEALPRO","USD.CNH",0,6.6945,6.6946,0
2022-07-08,81330321,"IDEALPRO","USD.CNH",0,6.6945,6.69464,0
2022-07-08,81348473,"IDEALPRO","USD.CNH",0,6.6945,6.69466,0
2022-07-08,81349591,"IDEALPRO","USD.CNH",0,6.6945,6.69463,0
2022-07-08,81356902,"IDEALPRO","USD.CNH",0,6.6946,6.69463,0
2022-07-08,81418128,"IDEALPRO","USD.CNH",0,6.6946,6.69485,0
2022-07-08,81419110,"IDEALPRO","USD.CNH",0,6.6946,6.69481,0
2022-07-08,81421466,"IDEALPRO","USD.CNH",0,6.69465,6.69482,0
2022-07-08,81422448,"IDEALPRO","USD.CNH",0,6.69465,6.69481,0
2022-07-08,81427843,"IDEALPRO","USD.CNH",0,6.69465,6.69482,0
2022-07-08,81429338,"IDEALPRO","USD.CNH",0,6.69465,6.69481,0
2022-07-08,81430357,"IDEALPRO","USD.CNH",0,6.69465,6.69481,0
2022-07-08,81432331,"IDEALPRO","USD.CNH",0,6.69465,6.69482,0
2022-07-08,81437147,"IDEALPRO","USD.CNH",0,6.69474,6.69482,0
2022-07-08,81438718,"IDEALPRO","USD.CNH",0,6.69439,6.69499,0
2022-07-08,81439307,"IDEALPRO","USD.CNH",0,6.69434,6.69499,0
2022-07-08,81440289,"IDEALPRO","USD.CNH",0,6.69434,6.69497,0
2022-07-08,81441568,"IDEALPRO","USD.CNH",0,6.69432,6.69498,0
2022-07-08,81442354,"IDEALPRO","USD.CNH",0,6.69432,6.69496,0
2022-07-08,81443335,"IDEALPRO","USD.CNH",0,6.69438,6.69496,0
2022-07-08,81444316,"IDEALPRO","USD.CNH",0,6.69432,6.69496,0
2022-07-08,81446320,"IDEALPRO","USD.CNH",0,6.69431,6.69495,0
2022-07-08,81449266,"IDEALPRO","USD.CNH",0,6.69434,6.69494,0
2022-07-08,81450248,"IDEALPRO","USD.CNH",0,6.69438,6.69495,0
2022-07-08,81451229,"IDEALPRO","USD.CNH",0,6.69438,6.69494,0
2022-07-08,81452210,"IDEALPRO","USD.CNH",0,6.69438,6.69495,0
2022-07-08,81453387,"IDEALPRO","USD.CNH",0,6.69434,6.69495,0
2022-07-08,81454369,"IDEALPRO","USD.CNH",0,6.69438,6.69495,0
2022-07-08,81455605,"IDEALPRO","USD.CNH",0,6.69438,6.69495,0
2022-07-08,81459399,"IDEALPRO","USD.CNH",0,6.6946,6.69495,0
2022-07-08,81500380,"IDEALPRO","USD.CNH",0,6.6946,6.69494,0
2022-07-08,81504308,"IDEALPRO","USD.CNH",0,6.6946,6.69493,0
2022-07-08,81513417,"IDEALPRO","USD.CNH",0,6.6946,6.69495,0
2022-07-08,81515420,"IDEALPRO","USD.CNH",0,6.6946,6.69494,0
2022-07-08,81516401,"IDEALPRO","USD.CNH",0,6.6946,6.69495,0
2022-07-08,81517383,"IDEALPRO","USD.CNH",0,6.6946,6.69493,0
2022-07-08,81518364,"IDEALPRO","USD.CNH",0,6.6946,6.69499,0
2022-07-08,81519542,"IDEALPRO","USD.CNH",0,6.6946,6.69499,0
2022-07-08,81523945,"IDEALPRO","USD.CNH",0,6.6946,6.69494,0
2022-07-08,81524927,"IDEALPRO","USD.CNH",0,6.6946,6.69488,0
2022-07-08,81525555,"IDEALPRO","USD.CNH",0,6.6946,6.69486,0
2022-07-08,81526561,"IDEALPRO","USD.CNH",0,6.6946,6.69481,0
2022-07-08,81529555,"IDEALPRO","USD.CNH",0,6.6946,6.69499,0
2022-07-08,81530733,"IDEALPRO","USD.CNH",0,6.6946,6.69498,0
2022-07-08,81531714,"IDEALPRO","USD.CNH",0,6.6946,6.69485,0
2022-07-08,81535773,"IDEALPRO","USD.CNH",0,6.6946,6.69482,0
2022-07-08,81541086,"IDEALPRO","USD.CNH",0,6.6946,6.6948,0
2022-07-08,81542656,"IDEALPRO","USD.CNH",0,6.6946,6.69478,0
2022-07-08,81543286,"IDEALPRO","USD.CNH",0,6.6946,6.69474,0
2022-07-08,81544070,"IDEALPRO","USD.CNH",0,6.6946,6.69476,0
2022-07-08,81548378,"IDEALPRO","USD.CNH",0,6.6946,6.69475,0
2022-07-08,81550341,"IDEALPRO","USD.CNH",0,6.6946,6.69476,0
2022-07-08,81551519,"IDEALPRO","USD.CNH",0,6.6946,6.69474,0
2022-07-08,81552695,"IDEALPRO","USD.CNH",0,6.6946,6.69476,0
2022-07-08,81553701,"IDEALPRO","USD.CNH",0,6.6946,6.69474,0
2022-07-08,81554806,"IDEALPRO","USD.CNH",0,6.6946,6.69476,0
2022-07-08,81555647,"IDEALPRO","USD.CNH",0,6.6946,6.69474,0
2022-07-08,81556717,"IDEALPRO","USD.CNH",0,6.6946,6.69475,0
2022-07-08,81557718,"IDEALPRO","USD.CNH",0,6.6946,6.69474,0
2022-07-08,81559914,"IDEALPRO","USD.CNH",0,6.6946,6.69474,0
2022-07-08,81601420,"IDEALPRO","USD.CNH",0,6.6946,6.69475,0
2022-07-08,81602226,"IDEALPRO","USD.CNH",0,6.6946,6.69474,0
2022-07-08,81603411,"IDEALPRO","USD.CNH",0,6.6946,6.69475,0
2022-07-08,81604325,"IDEALPRO","USD.CNH",0,6.6946,6.69474,0
2022-07-08,81609301,"IDEALPRO","USD.CNH",0,6.6946,6.6947,0
2022-07-08,81611264,"IDEALPRO","USD.CNH",0,6.6946,6.69472,0
2022-07-08,81616343,"IDEALPRO","USD.CNH",0,6.6946,6.69467,0
2022-07-08,81618646,"IDEALPRO","USD.CNH",0,6.6946,6.69466,0
2022-07-08,81619652,"IDEALPRO","USD.CNH",0,6.6946,6.69465,0
2022-07-08,81622250,"IDEALPRO","USD.CNH",0,6.69389,6.69454,0
2022-07-08,81623232,"IDEALPRO","USD.CNH",0,6.69389,6.69457,0
2022-07-08,81627467,"IDEALPRO","USD.CNH",0,6.69396,6.69457,0
2022-07-08,81629627,"IDEALPRO","USD.CNH",0,6.69396,6.69447,0
2022-07-08,81630413,"IDEALPRO","USD.CNH",0,6.69391,6.6944,0
2022-07-08,81631983,"IDEALPRO","USD.CNH",0,6.69391,6.69443,0
2022-07-08,81633356,"IDEALPRO","USD.CNH",0,6.69396,6.69443,0
2022-07-08,81637454,"IDEALPRO","USD.CNH",0,6.69396,6.69436,0
2022-07-08,81643086,"IDEALPRO","USD.CNH",0,6.69396,6.69442,0
2022-07-08,81648258,"IDEALPRO","USD.CNH",0,6.69396,6.69435,0
2022-07-08,81652190,"IDEALPRO","USD.CNH",0,6.69396,6.69433,0
2022-07-08,81655369,"IDEALPRO","USD.CNH",0,6.69396,6.6943,0
2022-07-08,81700391,"IDEALPRO","USD.CNH",0,6.69396,6.69426,0
2022-07-08,81703593,"IDEALPRO","USD.CNH",0,6.69396,6.69431,0
2022-07-08,81705219,"IDEALPRO","USD.CNH",0,6.69396,6.69435,0
2022-07-08,81718632,"IDEALPRO","USD.CNH",0,6.69399,6.69446,0
2022-07-08,81719809,"IDEALPRO","USD.CNH",0,6.69399,6.69448,0
2022-07-08,81722951,"IDEALPRO","USD.CNH",0,6.69399,6.69445,0
2022-07-08,81723962,"IDEALPRO","USD.CNH",0,6.69399,6.6944,0
2022-07-08,81727435,"IDEALPRO","USD.CNH",0,6.69399,6.69438,0
2022-07-08,81737260,"IDEALPRO","USD.CNH",0,6.69399,6.69434,0
2022-07-08,81738632,"IDEALPRO","USD.CNH",0,6.69399,6.69429,0
2022-07-08,81743350,"IDEALPRO","USD.CNH",0,6.69399,6.69435,0
2022-07-08,81750907,"IDEALPRO","USD.CNH",0,6.69399,6.69432,0
2022-07-08,81753484,"IDEALPRO","USD.CNH",0,6.69399,6.6943,0
2022-07-08,81802757,"IDEALPRO","USD.CNH",0,6.69399,6.69432,0
2022-07-08,81809321,"IDEALPRO","USD.CNH",0,6.69399,6.69432,0
2022-07-08,81813952,"IDEALPRO","USD.CNH",0,6.69395,6.69428,0
2022-07-08,81814948,"IDEALPRO","USD.CNH",0,6.69395,6.69427,0
2022-07-08,81817936,"IDEALPRO","USD.CNH",0,6.69395,6.69423,0
2022-07-08,81824771,"IDEALPRO","USD.CNH",0,6.69395,6.69419,0
2022-07-08,81828362,"IDEALPRO","USD.CNH",0,6.69395,6.69426,0
2022-07-08,81829148,"IDEALPRO","USD.CNH",0,6.69395,6.69428,0
2022-07-08,81840283,"IDEALPRO","USD.CNH",0,6.69395,6.69423,0
2022-07-08,81858997,"IDEALPRO","USD.CNH",0,6.69395,6.69428,0
2022-07-08,81900764,"IDEALPRO","USD.CNH",0,6.69395,6.69424,0
2022-07-08,81905418,"IDEALPRO","USD.CNH",0,6.6939,6.69424,0
2022-07-08,81906989,"IDEALPRO","USD.CNH",0,6.6939,6.69428,0
2022-07-08,81908551,"IDEALPRO","USD.CNH",0,6.6939,6.69429,0
2022-07-08,81922847,"IDEALPRO","USD.CNH",0,6.6939,6.69426,0
2022-07-08,81924419,"IDEALPRO","USD.CNH",0,6.6939,6.6942,0
2022-07-08,81925047,"IDEALPRO","USD.CNH",0,6.6939,6.69418,0
2022-07-08,81932573,"IDEALPRO","USD.CNH",0,6.6939,6.6942,0
2022-07-08,81937376,"IDEALPRO","USD.CNH",0,6.69385,6.6942,0
2022-07-08,81939188,"IDEALPRO","USD.CNH",0,6.69385,6.69425,0
2022-07-08,81948711,"IDEALPRO","USD.CNH",0,6.69385,6.6942,0
2022-07-08,81952788,"IDEALPRO","USD.CNH",0,6.69385,6.69416,0
2022-07-08,81959222,"IDEALPRO","USD.CNH",0,6.69385,6.69414,0
2022-07-08,82000790,"IDEALPRO","USD.CNH",0,6.69385,6.6941,0
2022-07-08,82014828,"IDEALPRO","USD.CNH",0,6.69385,6.69413,0
2022-07-08,82015259,"IDEALPRO","USD.CNH",0,6.69385,6.69428,0
2022-07-08,82019187,"IDEALPRO","USD.CNH",0,6.69385,6.69424,0
2022-07-08,82023211,"IDEALPRO","USD.CNH",0,6.69386,6.69422,0
2022-07-08,82024389,"IDEALPRO","USD.CNH",0,6.69386,6.69416,0
2022-07-08,82029469,"IDEALPRO","USD.CNH",0,6.69386,6.69419,0
2022-07-08,82030058,"IDEALPRO","USD.CNH",0,6.69386,6.69435,0
2022-07-08,82037426,"IDEALPRO","USD.CNH",0,6.69386,6.69432,0
2022-07-08,82039782,"IDEALPRO","USD.CNH",0,6.69381,6.69432,0
2022-07-08,82043796,"IDEALPRO","USD.CNH",0,6.69381,6.69423,0
2022-07-08,82044384,"IDEALPRO","USD.CNH",0,6.69381,6.69418,0
2022-07-08,82048675,"IDEALPRO","USD.CNH",0,6.6937,6.69414,0
2022-07-08,82050817,"IDEALPRO","USD.CNH",0,6.6937,6.69413,0
2022-07-08,82054757,"IDEALPRO","USD.CNH",0,6.69367,6.6941,0
2022-07-08,82055188,"IDEALPRO","USD.CNH",0,6.69367,6.69407,0
2022-07-08,82057935,"IDEALPRO","USD.CNH",0,6.69367,6.69412,0
2022-07-08,82113951,"IDEALPRO","USD.CNH",0,6.69367,6.69409,0
2022-07-08,82116544,"IDEALPRO","USD.CNH",0,6.69369,6.69413,0
2022-07-08,82118705,"IDEALPRO","USD.CNH",0,6.69369,6.69414,0
2022-07-08,82126285,"IDEALPRO","USD.CNH",0,6.69369,6.6942,0
2022-07-08,82129624,"IDEALPRO","USD.CNH",0,6.69369,6.69415,0
2022-07-08,82138287,"IDEALPRO","USD.CNH",0,6.69369,6.69419,0
2022-07-08,82139859,"IDEALPRO","USD.CNH",0,6.69369,6.69426,0
2022-07-08,82143589,"IDEALPRO","USD.CNH",0,6.6937,6.69426,0
2022-07-08,82146510,"IDEALPRO","USD.CNH",0,6.69375,6.69426,0
2022-07-08,82148894,"IDEALPRO","USD.CNH",0,6.6937,6.69423,0
2022-07-08,82149287,"IDEALPRO","USD.CNH",0,6.6937,6.69419,0
2022-07-08,82150072,"IDEALPRO","USD.CNH",0,6.6937,6.69426,0
2022-07-08,82152620,"IDEALPRO","USD.CNH",0,6.69365,6.69419,0
2022-07-08,82153994,"IDEALPRO","USD.CNH",0,6.69365,6.69417,0
2022-07-08,82158594,"IDEALPRO","USD.CNH",0,6.69367,6.69417,0
2022-07-08,82159575,"IDEALPRO","USD.CNH",0,6.69362,6.69417,0
2022-07-08,82208412,"IDEALPRO","USD.CNH",0,6.69366,6.69417,0
2022-07-08,82209984,"IDEALPRO","USD.CNH",0,6.69367,6.69417,0
2022-07-08,82211949,"IDEALPRO","USD.CNH",0,6.69377,6.69439,0
2022-07-08,82218033,"IDEALPRO","USD.CNH",0,6.69379,6.69435,0
2022-07-08,82219872,"IDEALPRO","USD.CNH",0,6.69366,6.69422,0
2022-07-08,82223370,"IDEALPRO","USD.CNH",0,6.69369,6.69422,0
2022-07-08,82235324,"IDEALPRO","USD.CNH",0,6.69363,6.69422,0
2022-07-08,82237287,"IDEALPRO","USD.CNH",0,6.69363,6.69422,0
2022-07-08,82238109,"IDEALPRO","USD.CNH",0,6.69367,6.69422,0
2022-07-08,82243824,"IDEALPRO","USD.CNH",0,6.69359,6.6941,0
2022-07-08,82249718,"IDEALPRO","USD.CNH",0,6.69357,6.6941,0
2022-07-08,82258546,"IDEALPRO","USD.CNH",0,6.69357,6.6941,0
2022-07-08,82300706,"IDEALPRO","USD.CNH",0,6.69355,6.6941,0
2022-07-08,82302473,"IDEALPRO","USD.CNH",0,6.69354,6.6941,0
2022-07-08,82303651,"IDEALPRO","USD.CNH",0,6.69356,6.6941,0
2022-07-08,82304661,"IDEALPRO","USD.CNH",0,6.69361,6.6941,0
2022-07-08,82308972,"IDEALPRO","USD.CNH",0,6.69361,6.69412,0
2022-07-08,82310542,"IDEALPRO","USD.CNH",0,6.69364,6.69412,0
2022-07-08,82312896,"IDEALPRO","USD.CNH",0,6.69361,6.69412,0
2022-07-08,82313485,"IDEALPRO","USD.CNH",0,6.69364,6.69412,0
2022-07-08,82315096,"IDEALPRO","USD.CNH",0,6.69364,6.69412,0
2022-07-08,82316667,"IDEALPRO","USD.CNH",0,6.69363,6.69412,0
2022-07-08,82320550,"IDEALPRO","USD.CNH",0,6.69366,6.69412,0
2022-07-08,82323493,"IDEALPRO","USD.CNH",0,6.69364,6.69412,0
2022-07-08,82324583,"IDEALPRO","USD.CNH",0,6.69364,6.69411,0
2022-07-08,82330598,"IDEALPRO","USD.CNH",0,6.69364,6.69407,0
2022-07-08,82332411,"IDEALPRO","USD.CNH",0,6.69364,6.69401,0
2022-07-08,82345478,"IDEALPRO","USD.CNH",0,6.69365,6.69401,0
2022-07-08,82357454,"IDEALPRO","USD.CNH",0,6.69365,6.69397,0
2022-07-08,82400593,"IDEALPRO","USD.CNH",0,6.69375,6.69397,0
2022-07-08,82404715,"IDEALPRO","USD.CNH",0,6.69375,6.69403,0
2022-07-08,82409150,"IDEALPRO","USD.CNH",0,6.69375,6.69399,0
2022-07-08,82413273,"IDEALPRO","USD.CNH",0,6.69371,6.69399,0
2022-07-08,82430170,"IDEALPRO","USD.CNH",0,6.69371,6.69394,0
2022-07-08,82434988,"IDEALPRO","USD.CNH",0,6.69375,6.69394,0
2022-07-08,82435224,"IDEALPRO","USD.CNH",0,6.69375,6.69412,0
2022-07-08,82459846,"IDEALPRO","USD.CNH",0,6.69404,6.69446,0
2022-07-08,82500436,"IDEALPRO","USD.CNH",0,6.6941,6.69446,0
2022-07-08,82501024,"IDEALPRO","USD.CNH",0,6.6941,6.6944,0
2022-07-08,82506220,"IDEALPRO","USD.CNH",0,6.69403,6.6944,0
2022-07-08,82507005,"IDEALPRO","USD.CNH",0,6.69403,6.69445,0
2022-07-08,82509982,"IDEALPRO","USD.CNH",0,6.69411,6.69459,0
2022-07-08,82510965,"IDEALPRO","USD.CNH",0,6.69415,6.69463,0
2022-07-08,82512535,"IDEALPRO","USD.CNH",0,6.69415,6.69449,0
2022-07-08,82526207,"IDEALPRO","USD.CNH",0,6.69415,6.69454,0
2022-07-08,82530270,"IDEALPRO","USD.CNH",0,6.69415,6.69461,0
2022-07-08,82531841,"IDEALPRO","USD.CNH",0,6.69412,6.69454,0
2022-07-08,82536412,"IDEALPRO","USD.CNH",0,6.69408,6.69454,0
2022-07-08,82542963,"IDEALPRO","USD.CNH",0,6.69409,6.69454,0
2022-07-08,82547042,"IDEALPRO","USD.CNH",0,6.69409,6.69461,0
2022-07-08,82558619,"IDEALPRO","USD.CNH",0,6.69417,6.69466,0
2022-07-08,82559599,"IDEALPRO","USD.CNH",0,6.69417,6.69467,0
2022-07-08,82600189,"IDEALPRO","USD.CNH",0,6.69422,6.69467,0
2022-07-08,82603525,"IDEALPRO","USD.CNH",0,6.69419,6.69467,0
2022-07-08,82604702,"IDEALPRO","USD.CNH",0,6.69418,6.69467,0
2022-07-08,82610184,"IDEALPRO","USD.CNH",0,6.69418,6.69466,0
2022-07-08,82616321,"IDEALPRO","USD.CNH",0,6.69418,6.69464,0
2022-07-08,82617695,"IDEALPRO","USD.CNH",0,6.69421,6.69466,0
2022-07-08,82635562,"IDEALPRO","USD.CNH",0,6.69421,6.69465,0
2022-07-08,82636935,"IDEALPRO","USD.CNH",0,6.6942,6.69465,0
2022-07-08,82641917,"IDEALPRO","USD.CNH",0,6.6942,6.69466,0
2022-07-08,82652959,"IDEALPRO","USD.CNH",0,6.6942,6.69466,0
2022-07-08,82654529,"IDEALPRO","USD.CNH",0,6.6942,6.69466,0
2022-07-08,82657316,"IDEALPRO","USD.CNH",0,6.69416,6.69466,0
2022-07-08,82659739,"IDEALPRO","USD.CNH",0,6.69414,6.69467,0
2022-07-08,82704651,"IDEALPRO","USD.CNH",0,6.69415,6.69467,0
2022-07-08,82721794,"IDEALPRO","USD.CNH",0,6.69414,6.69464,0
2022-07-08,82722775,"IDEALPRO","USD.CNH",0,6.69414,6.69464,0
2022-07-08,82723801,"IDEALPRO","USD.CNH",0,6.69414,6.69461,0
2022-07-08,82724995,"IDEALPRO","USD.CNH",0,6.69414,6.69464,0
2022-07-08,82725427,"IDEALPRO","USD.CNH",0,6.69414,6.69461,0
2022-07-08,82726016,"IDEALPRO","USD.CNH",0,6.69414,6.69464,0
2022-07-08,82728961,"IDEALPRO","USD.CNH",0,6.69414,6.69461,0
2022-07-08,82729746,"IDEALPRO","USD.CNH",0,6.69414,6.69464,0
2022-07-08,82731514,"IDEALPRO","USD.CNH",0,6.69406,6.69464,0
2022-07-08,82735762,"IDEALPRO","USD.CNH",0,6.69406,6.69459,0
2022-07-08,82749723,"IDEALPRO","USD.CNH",0,6.69406,6.69457,0
2022-07-08,82750508,"IDEALPRO","USD.CNH",0,6.69406,6.69459,0
2022-07-08,82753859,"IDEALPRO","USD.CNH",0,6.69406,6.69455,0
2022-07-08,82800863,"IDEALPRO","USD.CNH",0,6.69399,6.69454,0
2022-07-08,82801452,"IDEALPRO","USD.CNH",0,6.69401,6.69452,0
2022-07-08,82802432,"IDEALPRO","USD.CNH",0,6.69401,6.69452,0
2022-07-08,82813760,"IDEALPRO","USD.CNH",0,6.69401,6.69451,0
2022-07-08,82816302,"IDEALPRO","USD.CNH",0,6.69401,6.69452,0
2022-07-08,82841236,"IDEALPRO","USD.CNH",0,6.69401,6.69454,0
2022-07-08,82842538,"IDEALPRO","USD.CNH",0,6.69401,6.69453,0
2022-07-08,82905420,"IDEALPRO","USD.CNH",0,6.69401,6.69454,0
2022-07-08,82906984,"IDEALPRO","USD.CNH",0,6.69401,6.69453,0
2022-07-08,82912772,"IDEALPRO","USD.CNH",0,6.69401,6.69453,0
2022-07-08,82914145,"IDEALPRO","USD.CNH",0,6.69401,6.69449,0
2022-07-08,82935817,"IDEALPRO","USD.CNH",0,6.69398,6.69445,0
2022-07-08,82936602,"IDEALPRO","USD.CNH",0,6.69398,6.69442,0
2022-07-08,82938172,"IDEALPRO","USD.CNH",0,6.69398,6.69443,0
2022-07-08,82943628,"IDEALPRO","USD.CNH",0,6.69398,6.69443,0
2022-07-08,82944807,"IDEALPRO","USD.CNH",0,6.69398,6.69448,0
2022-07-08,82945002,"IDEALPRO","USD.CNH",0,6.69398,6.69449,0
2022-07-08,82947749,"IDEALPRO","USD.CNH",0,6.69396,6.69449,0
2022-07-08,83000954,"IDEALPRO","USD.CNH",0,6.69394,6.69448,0
2022-07-08,83023599,"IDEALPRO","USD.CNH",0,6.69394,6.69449,0
2022-07-08,83028567,"IDEALPRO","USD.CNH",0,6.69392,6.69449,0
2022-07-08,83033534,"IDEALPRO","USD.CNH",0,6.69392,6.69452,0
2022-07-08,83034440,"IDEALPRO","USD.CNH",0,6.69392,6.6945,0
2022-07-08,83038341,"IDEALPRO","USD.CNH",0,6.69392,6.69449,0
2022-07-08,83048056,"IDEALPRO","USD.CNH",0,6.69392,6.69447,0
2022-07-08,83052750,"IDEALPRO","USD.CNH",0,6.69392,6.69447,0
2022-07-08,83118200,"IDEALPRO","USD.CNH",0,6.69391,6.69447,0
2022-07-08,83122791,"IDEALPRO","USD.CNH",0,6.69382,6.69432,0
2022-07-08,83123576,"IDEALPRO","USD.CNH",0,6.6938,6.69432,0
2022-07-08,83129860,"IDEALPRO","USD.CNH",0,6.69387,6.69432,0
2022-07-08,83131234,"IDEALPRO","USD.CNH",0,6.69387,6.69434,0
2022-07-08,83134700,"IDEALPRO","USD.CNH",0,6.69389,6.69434,0
2022-07-08,83137343,"IDEALPRO","USD.CNH",0,6.69389,6.69437,0
2022-07-08,83139624,"IDEALPRO","USD.CNH",0,6.69391,6.69435,0
2022-07-08,83140018,"IDEALPRO","USD.CNH",0,6.69391,6.69437,0
2022-07-08,83144729,"IDEALPRO","USD.CNH",0,6.69391,6.69435,0
2022-07-08,83147162,"IDEALPRO","USD.CNH",0,6.69385,6.69435,0
2022-07-08,83148145,"IDEALPRO","USD.CNH",0,6.69391,6.69443,0
2022-07-08,83149128,"IDEALPRO","USD.CNH",0,6.69395,6.69446,0
2022-07-08,83151949,"IDEALPRO","USD.CNH",0,6.69388,6.69451,0
2022-07-08,83152930,"IDEALPRO","USD.CNH",0,6.69395,6.69443,0
2022-07-08,83158084,"IDEALPRO","USD.CNH",0,6.6939,6.69397,0
2022-07-08,83159482,"IDEALPRO","USD.CNH",0,6.69391,6.69397,0
2022-07-08,83202422,"IDEALPRO","USD.CNH",0,6.69388,6.69434,0
2022-07-08,83203883,"IDEALPRO","USD.CNH",0,6.69383,6.69432,0
2022-07-08,83204079,"IDEALPRO","USD.CNH",0,6.69383,6.69431,0
2022-07-08,83205813,"IDEALPRO","USD.CNH",0,6.69382,6.69431,0
2022-07-08,83214223,"IDEALPRO","USD.CNH",0,6.69384,6.69431,0
2022-07-08,83219028,"IDEALPRO","USD.CNH",0,6.69392,6.69438,0
2022-07-08,83222033,"IDEALPRO","USD.CNH",0,6.69396,6.69441,0
2022-07-08,83224335,"IDEALPRO","USD.CNH",0,6.69403,6.69448,0
2022-07-08,83232626,"IDEALPRO","USD.CNH",0,6.69409,6.69453,0
2022-07-08,83233413,"IDEALPRO","USD.CNH",0,6.69419,6.69462,0
2022-07-08,83239966,"IDEALPRO","USD.CNH",0,6.6942,6.69462,0
2022-07-08,83247288,"IDEALPRO","USD.CNH",0,6.69416,6.69461,0
2022-07-08,83248662,"IDEALPRO","USD.CNH",0,6.69416,6.69459,0
2022-07-08,83249447,"IDEALPRO","USD.CNH",0,6.69416,6.6946,0
2022-07-08,83253179,"IDEALPRO","USD.CNH",0,6.6942,6.6946,0
2022-07-08,83254945,"IDEALPRO","USD.CNH",0,6.69416,6.69461,0
2022-07-08,83256948,"IDEALPRO","USD.CNH",0,6.69414,6.69461,0
2022-07-08,83257929,"IDEALPRO","USD.CNH",0,6.69415,6.69461,0
2022-07-08,83258912,"IDEALPRO","USD.CNH",0,6.69411,6.69461,0
2022-07-08,83259108,"IDEALPRO","USD.CNH",0,6.69412,6.69461,0
2022-07-08,83300679,"IDEALPRO","USD.CNH",0,6.69407,6.69459,0
2022-07-08,83301662,"IDEALPRO","USD.CNH",0,6.69399,6.69461,0
2022-07-08,83302447,"IDEALPRO","USD.CNH",0,6.69403,6.69461,0
2022-07-08,83309410,"IDEALPRO","USD.CNH",0,6.69398,6.69461,0
2022-07-08,83310783,"IDEALPRO","USD.CNH",0,6.69401,6.69461,0
2022-07-08,83311962,"IDEALPRO","USD.CNH",0,6.69401,6.69461,0
2022-07-08,83316626,"IDEALPRO","USD.CNH",0,6.69402,6.69461,0
2022-07-08,83322640,"IDEALPRO","USD.CNH",0,6.69404,6.69461,0
2022-07-08,83335670,"IDEALPRO","USD.CNH",0,6.69405,6.69461,0
2022-07-08,83337984,"IDEALPRO","USD.CNH",0,6.69419,6.69461,0
2022-07-08,83341239,"IDEALPRO","USD.CNH",0,6.69428,6.69461,0
2022-07-08,83344695,"IDEALPRO","USD.CNH",0,6.69427,6.69461,0
2022-07-08,83346899,"IDEALPRO","USD.CNH",0,6.69447,6.69501,0
2022-07-08,83347291,"IDEALPRO","USD.CNH",0,6.69454,6.69502,0
2022-07-08,83348271,"IDEALPRO","USD.CNH",0,6.69454,6.695,0
2022-07-08,83349807,"IDEALPRO","USD.CNH",0,6.69457,6.69502,0
2022-07-08,83350003,"IDEALPRO","USD.CNH",0,6.69457,6.69491,0
2022-07-08,83351889,"IDEALPRO","USD.CNH",0,6.69472,6.69509,0
2022-07-08,83352674,"IDEALPRO","USD.CNH",0,6.69493,6.69541,0
2022-07-08,83354243,"IDEALPRO","USD.CNH",0,6.69492,6.69541,0
2022-07-08,83356911,"IDEALPRO","USD.CNH",0,6.69494,6.69541,0
2022-07-08,83357891,"IDEALPRO","USD.CNH",0,6.69533,6.6959,0
2022-07-08,83358479,"IDEALPRO","USD.CNH",0,6.69533,6.69584,0
2022-07-08,83359709,"IDEALPRO","USD.CNH",0,6.69538,6.69586,0
2022-07-08,83400692,"IDEALPRO","USD.CNH",0,6.6955,6.69609,0
2022-07-08,83401478,"IDEALPRO","USD.CNH",0,6.69552,6.69606,0
2022-07-08,83402067,"IDEALPRO","USD.CNH",0,6.69554,6.69606,0
2022-07-08,83404226,"IDEALPRO","USD.CNH",0,6.69554,6.69598,0
2022-07-08,83407938,"IDEALPRO","USD.CNH",0,6.69554,6.69598,0
2022-07-08,83409900,"IDEALPRO","USD.CNH",0,6.69592,6.69622,0
2022-07-08,83410881,"IDEALPRO","USD.CNH",0,6.69588,6.69623,0
2022-07-08,83411471,"IDEALPRO","USD.CNH",0,6.6959,6.69623,0
2022-07-08,83412257,"IDEALPRO","USD.CNH",0,6.69585,6.69623,0
2022-07-08,83416778,"IDEALPRO","USD.CNH",0,6.69588,6.69629,0
2022-07-08,83418761,"IDEALPRO","USD.CNH",0,6.69588,6.69629,0
2022-07-08,83424830,"IDEALPRO","USD.CNH",0,6.69595,6.69647,0
2022-07-08,83425459,"IDEALPRO","USD.CNH",0,6.69643,6.69703,0
2022-07-08,83426834,"IDEALPRO","USD.CNH",0,6.69662,6.69711,0
2022-07-08,83427226,"IDEALPRO","USD.CNH",0,6.69662,6.69717,0
2022-07-08,83429583,"IDEALPRO","USD.CNH",0,6.69669,6.69722,0
2022-07-08,83430566,"IDEALPRO","USD.CNH",0,6.6967,6.69727,0
2022-07-08,83434583,"IDEALPRO","USD.CNH",0,6.6967,6.69733,0
2022-07-08,83436977,"IDEALPRO","USD.CNH",0,6.6967,6.69732,0
2022-07-08,83437174,"IDEALPRO","USD.CNH",0,6.6967,6.69725,0
2022-07-08,83440657,"IDEALPRO","USD.CNH",0,6.69671,6.69725,0
2022-07-08,83446627,"IDEALPRO","USD.CNH",0,6.6967,6.69725,0
2022-07-08,83502629,"IDEALPRO","USD.CNH",0,6.69651,6.69694,0
2022-07-08,83503807,"IDEALPRO","USD.CNH",0,6.6968,6.69719,0
2022-07-08,83504200,"IDEALPRO","USD.CNH",0,6.69698,6.69754,0
2022-07-08,83505630,"IDEALPRO","USD.CNH",0,6.69703,6.69751,0
2022-07-08,83509253,"IDEALPRO","USD.CNH",0,6.69701,6.69751,0
2022-07-08,83524636,"IDEALPRO","USD.CNH",0,6.69681,6.69739,0
2022-07-08,83525657,"IDEALPRO","USD.CNH",0,6.69681,6.69727,0
2022-07-08,83526050,"IDEALPRO","USD.CNH",0,6.6967,6.69721,0
2022-07-08,83529549,"IDEALPRO","USD.CNH",0,6.69671,6.69721,0
2022-07-08,83530555,"IDEALPRO","USD.CNH",0,6.6967,6.69721,0
2022-07-08,83531536,"IDEALPRO","USD.CNH",0,6.69662,6.69701,0
2022-07-08,83534929,"IDEALPRO","USD.CNH",0,6.69682,6.69731,0
2022-07-08,83535949,"IDEALPRO","USD.CNH",0,6.69702,6.69749,0
2022-07-08,83536145,"IDEALPRO","USD.CNH",0,6.69702,6.69752,0
2022-07-08,83540467,"IDEALPRO","USD.CNH",0,6.69708,6.69752,0
2022-07-08,83543576,"IDEALPRO","USD.CNH",0,6.69713,6.69752,0
2022-07-08,83551843,"IDEALPRO","USD.CNH",0,6.69713,6.69758,0
2022-07-08,83602890,"IDEALPRO","USD.CNH",0,6.69686,6.69725,0
2022-07-08,83603871,"IDEALPRO","USD.CNH",0,6.69698,6.69734,0
2022-07-08,83604656,"IDEALPRO","USD.CNH",0,6.69707,6.69744,0
2022-07-08,83605813,"IDEALPRO","USD.CNH",0,6.69707,6.69741,0
2022-07-08,83606995,"IDEALPRO","USD.CNH",0,6.697,6.6974,0
2022-07-08,83607977,"IDEALPRO","USD.CNH",0,6.6968,6.69717,0
2022-07-08,83608369,"IDEALPRO","USD.CNH",0,6.6968,6.69709,0
2022-07-08,83610137,"IDEALPRO","USD.CNH",0,6.6968,6.69717,0
2022-07-08,83611905,"IDEALPRO","USD.CNH",0,6.6972,6.69754,0
2022-07-08,83617801,"IDEALPRO","USD.CNH",0,6.69747,6.69798,0
2022-07-08,83618194,"IDEALPRO","USD.CNH",0,6.69747,6.69797,0
2022-07-08,83621537,"IDEALPRO","USD.CNH",0,6.69745,6.69792,0
2022-07-08,83625698,"IDEALPRO","USD.CNH",0,6.69746,6.69792,0
2022-07-08,83630945,"IDEALPRO","USD.CNH",0,6.69739,6.69791,0
2022-07-08,83631141,"IDEALPRO","USD.CNH",0,6.69739,6.69789,0
2022-07-08,83633255,"IDEALPRO","USD.CNH",0,6.69739,6.69789,0
2022-07-08,83639861,"IDEALPRO","USD.CNH",0,6.69737,6.69786,0
2022-07-08,83640871,"IDEALPRO","USD.CNH",0,6.69737,6.69786,0
2022-07-08,83646769,"IDEALPRO","USD.CNH",0,6.69737,6.69785,0
2022-07-08,83657105,"IDEALPRO","USD.CNH",0,6.69737,6.69788,0
2022-07-08,83700489,"IDEALPRO","USD.CNH",0,6.69704,6.69739,0
2022-07-08,83702208,"IDEALPRO","USD.CNH",0,6.69702,6.69721,0
2022-07-08,83704708,"IDEALPRO","USD.CNH",0,6.69699,6.69725,0
2022-07-08,83705225,"IDEALPRO","USD.CNH",0,6.69699,6.69727,0
2022-07-08,83716661,"IDEALPRO","USD.CNH",0,6.69702,6.69727,0
2022-07-08,83731991,"IDEALPRO","USD.CNH",0,6.69702,6.69728,0
2022-07-08,83735959,"IDEALPRO","USD.CNH",0,6.69702,6.69725,0
2022-07-08,83738460,"IDEALPRO","USD.CNH",0,6.69731,6.69739,0
2022-07-08,83741470,"IDEALPRO","USD.CNH",0,6.69737,6.69758,0
2022-07-08,83745272,"IDEALPRO","USD.CNH",0,6.69737,6.69756,0
2022-07-08,83746879,"IDEALPRO","USD.CNH",0,6.69741,6.6976,0
2022-07-08,83749892,"IDEALPRO","USD.CNH",0,6.69739,6.6976,0
2022-07-08,83750894,"IDEALPRO","USD.CNH",0,6.69741,6.6976,0
2022-07-08,83751287,"IDEALPRO","USD.CNH",0,6.69741,6.69776,0
2022-07-08,83754079,"IDEALPRO","USD.CNH",0,6.69717,6.69743,0
2022-07-08,83757301,"IDEALPRO","USD.CNH",0,6.69721,6.69743,0
2022-07-08,83800378,"IDEALPRO","USD.CNH",0,6.69724,6.69743,0
2022-07-08,83806010,"IDEALPRO","USD.CNH",0,6.69728,6.69743,0
2022-07-08,83807617,"IDEALPRO","USD.CNH",0,6.69733,6.69743,0
2022-07-08,83814328,"IDEALPRO","USD.CNH",0,6.6973,6.69743,0
2022-07-08,83815742,"IDEALPRO","USD.CNH",0,6.69725,6.69743,0
2022-07-08,83816331,"IDEALPRO","USD.CNH",0,6.69739,6.69743,0
2022-07-08,83818097,"IDEALPRO","USD.CNH",0,6.69741,6.69743,0
2022-07-08,83820924,"IDEALPRO","USD.CNH",0,6.69735,6.69743,0
2022-07-08,83821903,"IDEALPRO","USD.CNH",0,6.6977,6.69804,0
2022-07-08,83822738,"IDEALPRO","USD.CNH",0,6.69778,6.69811,0
2022-07-08,83824651,"IDEALPRO","USD.CNH",0,6.69777,6.69811,0
2022-07-08,83826638,"IDEALPRO","USD.CNH",0,6.69773,6.69806,0
2022-07-08,83829222,"IDEALPRO","USD.CNH",0,6.69772,6.69805,0
2022-07-08,83830858,"IDEALPRO","USD.CNH",0,6.69774,6.69807,0
2022-07-08,83833926,"IDEALPRO","USD.CNH",0,6.69784,6.69817,0
2022-07-08,83834318,"IDEALPRO","USD.CNH",0,6.69791,6.69827,0
2022-07-08,83837636,"IDEALPRO","USD.CNH",0,6.69794,6.6983,0
2022-07-08,83843764,"IDEALPRO","USD.CNH",0,6.69796,6.69831,0
2022-07-08,83846990,"IDEALPRO","USD.CNH",0,6.69796,6.69831,0
2022-07-08,83849983,"IDEALPRO","USD.CNH",0,6.69787,6.69824,0
2022-07-08,83850571,"IDEALPRO","USD.CNH",0,6.69781,6.69814,0
2022-07-08,83851552,"IDEALPRO","USD.CNH",0,6.69777,6.69814,0
2022-07-08,83852140,"IDEALPRO","USD.CNH",0,6.69768,6.69797,0
2022-07-08,83853711,"IDEALPRO","USD.CNH",0,6.69767,6.69797,0
2022-07-08,83900493,"IDEALPRO","USD.CNH",0,6.69753,6.69787,0
2022-07-08,83903708,"IDEALPRO","USD.CNH",0,6.6975,6.69786,0
2022-07-08,83907582,"IDEALPRO","USD.CNH",0,6.69746,6.69782,0
2022-07-08,83908366,"IDEALPRO","USD.CNH",0,6.69737,6.6977,0
2022-07-08,83912884,"IDEALPRO","USD.CNH",0,6.69735,6.6977,0
2022-07-08,83913669,"IDEALPRO","USD.CNH",0,6.69736,6.6977,0
2022-07-08,83929652,"IDEALPRO","USD.CNH",0,6.69742,6.69773,0
2022-07-08,83950934,"IDEALPRO","USD.CNH",0,6.69742,6.69773,0
2022-07-08,83952503,"IDEALPRO","USD.CNH",0,6.69742,6.69773,0
2022-07-08,83953092,"IDEALPRO","USD.CNH",0,6.69742,6.69744,0
2022-07-08,83957912,"IDEALPRO","USD.CNH",0,6.69745,6.69773,0
2022-07-08,83958698,"IDEALPRO","USD.CNH",0,6.69745,6.69777,0
2022-07-08,84006815,"IDEALPRO","USD.CNH",0,6.69747,6.69776,0
2022-07-08,84007993,"IDEALPRO","USD.CNH",0,6.6975,6.69776,0
2022-07-08,84008779,"IDEALPRO","USD.CNH",0,6.69747,6.69776,0
2022-07-08,84013885,"IDEALPRO","USD.CNH",0,6.69744,6.69768,0
2022-07-08,84014669,"IDEALPRO","USD.CNH",0,6.69702,6.69732,0
2022-07-08,84015062,"IDEALPRO","USD.CNH",0,6.69699,6.69726,0
2022-07-08,84017654,"IDEALPRO","USD.CNH",0,6.69699,6.69722,0
2022-07-08,84018833,"IDEALPRO","USD.CNH",0,6.69691,6.69722,0
2022-07-08,84019028,"IDEALPRO","USD.CNH",0,6.69691,6.69719,0
2022-07-08,84021777,"IDEALPRO","USD.CNH",0,6.69699,6.69719,0
2022-07-08,84022954,"IDEALPRO","USD.CNH",0,6.697,6.69719,0
2022-07-08,84023543,"IDEALPRO","USD.CNH",0,6.69679,6.6971,0
2022-07-08,84024917,"IDEALPRO","USD.CNH",0,6.69679,6.69708,0
2022-07-08,84025545,"IDEALPRO","USD.CNH",0,6.69679,6.69705,0
2022-07-08,84027509,"IDEALPRO","USD.CNH",0,6.69679,6.69704,0
2022-07-08,84028470,"IDEALPRO","USD.CNH",0,6.69679,6.69706,0
2022-07-08,84029648,"IDEALPRO","USD.CNH",0,6.69699,6.69719,0
2022-07-08,84032395,"IDEALPRO","USD.CNH",0,6.69689,6.69719,0
2022-07-08,84034555,"IDEALPRO","USD.CNH",0,6.69686,6.69717,0
2022-07-08,84044212,"IDEALPRO","USD.CNH",0,6.69686,6.69711,0
2022-07-08,84046411,"IDEALPRO","USD.CNH",0,6.69692,6.69711,0
2022-07-08,84058493,"IDEALPRO","USD.CNH",0,6.69689,6.69716,0
2022-07-08,84100456,"IDEALPRO","USD.CNH",0,6.69683,6.69706,0
2022-07-08,84101044,"IDEALPRO","USD.CNH",0,6.69683,6.69703,0
2022-07-08,84102418,"IDEALPRO","USD.CNH",0,6.69683,6.69704,0
2022-07-08,84104774,"IDEALPRO","USD.CNH",0,6.6968,6.69712,0
2022-07-08,84109811,"IDEALPRO","USD.CNH",0,6.6962,6.6965,0
2022-07-08,84113738,"IDEALPRO","USD.CNH",0,6.69625,6.69651,0
2022-07-08,84120320,"IDEALPRO","USD.CNH",0,6.69625,6.69654,0
2022-07-08,84124539,"IDEALPRO","USD.CNH",0,6.69625,6.69653,0
2022-07-08,84125364,"IDEALPRO","USD.CNH",0,6.69625,6.69652,0
2022-07-08,84126739,"IDEALPRO","USD.CNH",0,6.69625,6.69654,0
2022-07-08,84128703,"IDEALPRO","USD.CNH",0,6.69632,6.69662,0
2022-07-08,84132834,"IDEALPRO","USD.CNH",0,6.69651,6.69682,0
2022-07-08,84134209,"IDEALPRO","USD.CNH",0,6.69646,6.69679,0
2022-07-08,84136817,"IDEALPRO","USD.CNH",0,6.69645,6.69677,0
2022-07-08,84137406,"IDEALPRO","USD.CNH",0,6.69645,6.69676,0
2022-07-08,84142871,"IDEALPRO","USD.CNH",0,6.69634,6.69665,0
2022-07-08,84143264,"IDEALPRO","USD.CNH",0,6.69614,6.69647,0
2022-07-08,84144245,"IDEALPRO","USD.CNH",0,6.6961,6.69644,0
2022-07-08,84148603,"IDEALPRO","USD.CNH",0,6.69613,6.69645,0
2022-07-08,84152331,"IDEALPRO","USD.CNH",0,6.69613,6.69646,0
2022-07-08,84153704,"IDEALPRO","USD.CNH",0,6.69525,6.69556,0
2022-07-08,84154096,"IDEALPRO","USD.CNH",0,6.69531,6.69563,0
2022-07-08,84155314,"IDEALPRO","USD.CNH",0,6.6954,6.69572,0
2022-07-08,84156886,"IDEALPRO","USD.CNH",0,6.6956,6.69594,0
2022-07-08,84157867,"IDEALPRO","USD.CNH",0,6.69562,6.69594,0
2022-07-08,84158455,"IDEALPRO","USD.CNH",0,6.69559,6.69591,0
2022-07-08,84159829,"IDEALPRO","USD.CNH",0,6.6956,6.69593,0
2022-07-08,84202971,"IDEALPRO","USD.CNH",0,6.69562,6.69595,0
2022-07-08,84204990,"IDEALPRO","USD.CNH",0,6.69575,6.69609,0
2022-07-08,84205225,"IDEALPRO","USD.CNH",0,6.69592,6.69614,0
2022-07-08,84206403,"IDEALPRO","USD.CNH",0,6.69591,6.69614,0
2022-07-08,84207383,"IDEALPRO","USD.CNH",0,6.69588,6.69614,0
2022-07-08,84211764,"IDEALPRO","USD.CNH",0,6.69582,6.69614,0
2022-07-08,84214315,"IDEALPRO","USD.CNH",0,6.69585,6.69614,0
2022-07-08,84215531,"IDEALPRO","USD.CNH",0,6.69595,6.69614,0
2022-07-08,84219656,"IDEALPRO","USD.CNH",0,6.69593,6.69614,0
2022-07-08,84223190,"IDEALPRO","USD.CNH",0,6.69591,6.69614,0
2022-07-08,84224172,"IDEALPRO","USD.CNH",0,6.69587,6.69614,0
2022-07-08,84225586,"IDEALPRO","USD.CNH",0,6.69588,6.69614,0
2022-07-08,84228726,"IDEALPRO","USD.CNH",0,6.6959,6.69614,0
2022-07-08,84231671,"IDEALPRO","USD.CNH",0,6.69582,6.69614,0
2022-07-08,84232848,"IDEALPRO","USD.CNH",0,6.69592,6.69614,0
2022-07-08,84239782,"IDEALPRO","USD.CNH",0,6.69576,6.6961,0
2022-07-08,84240960,"IDEALPRO","USD.CNH",0,6.69577,6.69611,0
2022-07-08,84243707,"IDEALPRO","USD.CNH",0,6.69616,6.69649,0
2022-07-08,84246691,"IDEALPRO","USD.CNH",0,6.69615,6.6965,0
2022-07-08,84249243,"IDEALPRO","USD.CNH",0,6.69616,6.6965,0
2022-07-08,84250616,"IDEALPRO","USD.CNH",0,6.69605,6.69642,0
2022-07-08,84251009,"IDEALPRO","USD.CNH",0,6.69607,6.69642,0
2022-07-08,84253365,"IDEALPRO","USD.CNH",0,6.69608,6.69643,0
2022-07-08,84254346,"IDEALPRO","USD.CNH",0,6.69578,6.69614,0
2022-07-08,84258702,"IDEALPRO","USD.CNH",0,6.69575,6.69611,0
2022-07-08,84302628,"IDEALPRO","USD.CNH",0,6.69571,6.69606,0
2022-07-08,84303217,"IDEALPRO","USD.CNH",0,6.69571,6.69605,0
2022-07-08,84304674,"IDEALPRO","USD.CNH",0,6.69564,6.696,0
2022-07-08,84305421,"IDEALPRO","USD.CNH",0,6.69564,6.69595,0
2022-07-08,84306677,"IDEALPRO","USD.CNH",0,6.69562,6.69598,0
2022-07-08,84308248,"IDEALPRO","USD.CNH",0,6.69566,6.69601,0
2022-07-08,84310013,"IDEALPRO","USD.CNH",0,6.69574,6.69609,0
2022-07-08,84315744,"IDEALPRO","USD.CNH",0,6.69574,6.69609,0
2022-07-08,84316605,"IDEALPRO","USD.CNH",0,6.69581,6.69609,0
2022-07-08,84317588,"IDEALPRO","USD.CNH",0,6.69575,6.69604,0
2022-07-08,84318766,"IDEALPRO","USD.CNH",0,6.69583,6.69604,0
2022-07-08,84322572,"IDEALPRO","USD.CNH",0,6.69583,6.69602,0
2022-07-08,84323748,"IDEALPRO","USD.CNH",0,6.6958,6.69606,0
2022-07-08,84324730,"IDEALPRO","USD.CNH",0,6.69572,6.69607,0
2022-07-08,84326731,"IDEALPRO","USD.CNH",0,6.69573,6.69607,0
2022-07-08,84329506,"IDEALPRO","USD.CNH",0,6.69601,6.69617,0
2022-07-08,84331860,"IDEALPRO","USD.CNH",0,6.69597,6.69617,0
2022-07-08,84333729,"IDEALPRO","USD.CNH",0,6.69594,6.69616,0
2022-07-08,84336518,"IDEALPRO","USD.CNH",0,6.69594,6.69617,0
2022-07-08,84339501,"IDEALPRO","USD.CNH",0,6.6961,6.69617,0
2022-07-08,84340285,"IDEALPRO","USD.CNH",0,6.69635,6.69663,0
2022-07-08,84344800,"IDEALPRO","USD.CNH",0,6.69643,6.69666,0
2022-07-08,84346018,"IDEALPRO","USD.CNH",0,6.69643,6.69672,0
2022-07-08,84348571,"IDEALPRO","USD.CNH",0,6.69643,6.69669,0
2022-07-08,84350141,"IDEALPRO","USD.CNH",0,6.69629,6.69664,0
2022-07-08,84352546,"IDEALPRO","USD.CNH",0,6.69604,6.6964,0
2022-07-08,84353330,"IDEALPRO","USD.CNH",0,6.69621,6.69645,0
2022-07-08,84403972,"IDEALPRO","USD.CNH",0,6.69622,6.69645,0
2022-07-08,84404168,"IDEALPRO","USD.CNH",0,6.69633,6.69645,0
2022-07-08,84407190,"IDEALPRO","USD.CNH",0,6.69636,6.69645,0
2022-07-08,84410609,"IDEALPRO","USD.CNH",0,6.69631,6.69645,0
2022-07-08,84421533,"IDEALPRO","USD.CNH",0,6.69636,6.69645,0
2022-07-08,84433594,"IDEALPRO","USD.CNH",0,6.69634,6.69645,0
2022-07-08,84443737,"IDEALPRO","USD.CNH",0,6.69656,6.69679,0
2022-07-08,84444718,"IDEALPRO","USD.CNH",0,6.69652,6.69677,0
2022-07-08,84445740,"IDEALPRO","USD.CNH",0,6.69652,6.69674,0
2022-07-08,84447311,"IDEALPRO","USD.CNH",0,6.69655,6.69676,0
2022-07-08,84448482,"IDEALPRO","USD.CNH",0,6.69655,6.69683,0
2022-07-08,84452274,"IDEALPRO","USD.CNH",0,6.69646,6.69681,0
2022-07-08,84453648,"IDEALPRO","USD.CNH",0,6.69645,6.69681,0
2022-07-08,84454041,"IDEALPRO","USD.CNH",0,6.69645,6.69656,0
2022-07-08,84456828,"IDEALPRO","USD.CNH",0,6.69641,6.69656,0
2022-07-08,84458405,"IDEALPRO","USD.CNH",0,6.69638,6.69656,0
2022-07-08,84501989,"IDEALPRO","USD.CNH",0,6.6963,6.69656,0
2022-07-08,84502773,"IDEALPRO","USD.CNH",0,6.69631,6.69656,0
2022-07-08,84503165,"IDEALPRO","USD.CNH",0,6.69631,6.69656,0
2022-07-08,84505968,"IDEALPRO","USD.CNH",0,6.69636,6.69656,0
2022-07-08,84506164,"IDEALPRO","USD.CNH",0,6.69634,6.69656,0
2022-07-08,84507807,"IDEALPRO","USD.CNH",0,6.69637,6.69656,0
2022-07-08,84513306,"IDEALPRO","USD.CNH",0,6.69631,6.69656,0
2022-07-08,84517450,"IDEALPRO","USD.CNH",0,6.69636,6.69656,0
2022-07-08,84521258,"IDEALPRO","USD.CNH",0,6.69634,6.69656,0
2022-07-08,84525689,"IDEALPRO","USD.CNH",0,6.69631,6.69656,0
2022-07-08,84526082,"IDEALPRO","USD.CNH",0,6.69632,6.69656,0
2022-07-08,84529169,"IDEALPRO","USD.CNH",0,6.69627,6.69656,0
2022-07-08,84530346,"IDEALPRO","USD.CNH",0,6.69626,6.69656,0
2022-07-08,84533488,"IDEALPRO","USD.CNH",0,6.69623,6.6965,0
2022-07-08,84534665,"IDEALPRO","USD.CNH",0,6.69618,6.6965,0
2022-07-08,84540986,"IDEALPRO","USD.CNH",0,6.69622,6.69647,0
2022-07-08,84542948,"IDEALPRO","USD.CNH",0,6.69622,6.69652,0
2022-07-08,84545557,"IDEALPRO","USD.CNH",0,6.69623,6.69654,0
2022-07-08,84547716,"IDEALPRO","USD.CNH",0,6.69622,6.69654,0
2022-07-08,84550071,"IDEALPRO","USD.CNH",0,6.69622,6.69652,0
2022-07-08,84552034,"IDEALPRO","USD.CNH",0,6.69621,6.69652,0
2022-07-08,84557376,"IDEALPRO","USD.CNH",0,6.69619,6.69649,0
2022-07-08,84603463,"IDEALPRO","USD.CNH",0,6.69621,6.69651,0
2022-07-08,84606012,"IDEALPRO","USD.CNH",0,6.6962,6.6965,0
2022-07-08,84611509,"IDEALPRO","USD.CNH",0,6.6962,6.69649,0
2022-07-08,84614258,"IDEALPRO","USD.CNH",0,6.69625,6.69653,0
2022-07-08,84619728,"IDEALPRO","USD.CNH",0,6.69629,6.69658,0
2022-07-08,84623728,"IDEALPRO","USD.CNH",0,6.6963,6.69658,0
2022-07-08,84625534,"IDEALPRO","USD.CNH",0,6.69617,6.6964,0
2022-07-08,84626909,"IDEALPRO","USD.CNH",0,6.69613,6.6964,0
2022-07-08,84630442,"IDEALPRO","USD.CNH",0,6.69612,6.6964,0
2022-07-08,84633975,"IDEALPRO","USD.CNH",0,6.69611,6.69636,0
2022-07-08,84634958,"IDEALPRO","USD.CNH",0,6.69606,6.69625,0
2022-07-08,84635782,"IDEALPRO","USD.CNH",0,6.69593,6.6962,0
2022-07-08,84638137,"IDEALPRO","USD.CNH",0,6.69593,6.6962,0
2022-07-08,84639314,"IDEALPRO","USD.CNH",0,6.696,6.69626,0
2022-07-08,84640686,"IDEALPRO","USD.CNH",0,6.696,6.69627,0
2022-07-08,84645829,"IDEALPRO","USD.CNH",0,6.696,6.69627,0
2022-07-08,84646809,"IDEALPRO","USD.CNH",0,6.696,6.6962,0
2022-07-08,84650144,"IDEALPRO","USD.CNH",0,6.696,6.6962,0
2022-07-08,84651911,"IDEALPRO","USD.CNH",0,6.69588,6.69616,0
2022-07-08,84652499,"IDEALPRO","USD.CNH",0,6.69594,6.69621,0
2022-07-08,84654068,"IDEALPRO","USD.CNH",0,6.69592,6.69621,0
2022-07-08,84655269,"IDEALPRO","USD.CNH",0,6.69595,6.69622,0
2022-07-08,84656682,"IDEALPRO","USD.CNH",0,6.69607,6.69635,0
2022-07-08,84659429,"IDEALPRO","USD.CNH",0,6.69604,6.69633,0
2022-07-08,84700999,"IDEALPRO","USD.CNH",0,6.69594,6.69602,0
2022-07-08,84709440,"IDEALPRO","USD.CNH",0,6.6959,6.69602,0
2022-07-08,84712581,"IDEALPRO","USD.CNH",0,6.6959,6.69602,0
2022-07-08,84715370,"IDEALPRO","USD.CNH",0,6.6959,6.69602,0
2022-07-08,84718895,"IDEALPRO","USD.CNH",0,6.6959,6.69602,0
2022-07-08,84720603,"IDEALPRO","USD.CNH",0,6.6959,6.69602,0
2022-07-08,84721585,"IDEALPRO","USD.CNH",0,6.6959,6.69602,0
2022-07-08,84726741,"IDEALPRO","USD.CNH",0,6.6959,6.69602,0
2022-07-08,84728508,"IDEALPRO","USD.CNH",0,6.6959,6.69602,0
2022-07-08,84729489,"IDEALPRO","USD.CNH",0,6.69584,6.69602,0
2022-07-08,84730665,"IDEALPRO","USD.CNH",0,6.69581,6.69602,0
2022-07-08,84736202,"IDEALPRO","USD.CNH",0,6.69584,6.69602,0
2022-07-08,84742416,"IDEALPRO","USD.CNH",0,6.69597,6.69622,0
2022-07-08,84744182,"IDEALPRO","USD.CNH",0,6.69597,6.69622,0
2022-07-08,84745989,"IDEALPRO","USD.CNH",0,6.69607,6.69633,0
2022-07-08,84748540,"IDEALPRO","USD.CNH",0,6.69607,6.69634,0
2022-07-08,84750894,"IDEALPRO","USD.CNH",0,6.69605,6.69634,0
2022-07-08,84751877,"IDEALPRO","USD.CNH",0,6.69607,6.69634,0
2022-07-08,84752661,"IDEALPRO","USD.CNH",0,6.69608,6.69635,0
2022-07-08,84754429,"IDEALPRO","USD.CNH",0,6.69601,6.69628,0
2022-07-08,84755018,"IDEALPRO","USD.CNH",0,6.69583,6.69609,0
2022-07-08,84758592,"IDEALPRO","USD.CNH",0,6.69582,6.69609,0
2022-07-08,84802124,"IDEALPRO","USD.CNH",0,6.69587,6.69609,0
2022-07-08,84809743,"IDEALPRO","USD.CNH",0,6.69582,6.69609,0
2022-07-08,84813774,"IDEALPRO","USD.CNH",0,6.69579,6.69608,0
2022-07-08,84843268,"IDEALPRO","USD.CNH",0,6.69594,6.69619,0
2022-07-08,84846651,"IDEALPRO","USD.CNH",0,6.69599,6.69623,0
2022-07-08,84847435,"IDEALPRO","USD.CNH",0,6.69599,6.69624,0
2022-07-08,84851053,"IDEALPRO","USD.CNH",0,6.69594,6.6962,0
2022-07-08,84852623,"IDEALPRO","USD.CNH",0,6.69585,6.69611,0
2022-07-08,84856786,"IDEALPRO","USD.CNH",0,6.69578,6.69595,0
2022-07-08,84901843,"IDEALPRO","USD.CNH",0,6.69556,6.69583,0
2022-07-08,84902626,"IDEALPRO","USD.CNH",0,6.6953,6.69557,0
2022-07-08,84904087,"IDEALPRO","USD.CNH",0,6.69532,6.69557,0
2022-07-08,84905812,"IDEALPRO","USD.CNH",0,6.69559,6.69585,0
2022-07-08,84910887,"IDEALPRO","USD.CNH",0,6.69564,6.69581,0
