"InternalDate","Time","Exchange","Symbol","BidPrice2","BidPrice1","AskPrice1","AskPrice2"
2022-07-04,65819756,"IDEALPRO","USD.CNH",0,6.7002,6.70332,0
2022-07-04,65841512,"IDEALPRO","USD.CNH",0,6.7002,6.70332,0
2022-07-04,65854756,"IDEALPRO","USD.CNH",0,6.7002,6.7033,0
2022-07-04,70004398,"IDEALPRO","USD.CNH",0,6.7002,6.70331,0
2022-07-04,70019752,"IDEALPRO","USD.CNH",0,6.7002,6.7033,0
2022-07-04,70027767,"IDEALPRO","USD.CNH",0,6.7002,6.70329,0
2022-07-04,70106572,"IDEALPRO","USD.CNH",0,6.7002,6.70278,0
2022-07-04,70107294,"IDEALPRO","USD.CNH",0,6.7002,6.70271,0
2022-07-04,70108624,"IDEALPRO","USD.CNH",0,6.7002,6.70278,0
2022-07-04,70119657,"IDEALPRO","USD.CNH",0,6.7002,6.70273,0
2022-07-04,70124105,"IDEALPRO","USD.CNH",0,6.7002,6.70271,0
2022-07-04,70133322,"IDEALPRO","USD.CNH",0,6.7002,6.70263,0
2022-07-04,70144591,"IDEALPRO","USD.CNH",0,6.7002,6.70256,0
2022-07-04,70207631,"IDEALPRO","USD.CNH",0,6.7002,6.70251,0
2022-07-04,70222314,"IDEALPRO","USD.CNH",0,6.7002,6.70246,0
2022-07-04,70249488,"IDEALPRO","USD.CNH",0,6.7002,6.70241,0
2022-07-04,70301690,"IDEALPRO","USD.CNH",0,6.7002,6.70236,0
2022-07-04,70346582,"IDEALPRO","USD.CNH",0,6.7002,6.70227,0
2022-07-04,70352384,"IDEALPRO","USD.CNH",0,6.7002,6.70237,0
2022-07-04,70404813,"IDEALPRO","USD.CNH",0,6.7002,6.70232,0
2022-07-04,70431709,"IDEALPRO","USD.CNH",0,6.7002,6.70225,0
2022-07-04,70440401,"IDEALPRO","USD.CNH",0,6.7002,6.70251,0
2022-07-04,70441950,"IDEALPRO","USD.CNH",0,6.7002,6.70236,0
2022-07-04,70444888,"IDEALPRO","USD.CNH",0,6.7002,6.70222,0
2022-07-04,70501766,"IDEALPRO","USD.CNH",0,6.7002,6.70216,0
2022-07-04,70530917,"IDEALPRO","USD.CNH",0,6.7002,6.70208,0
2022-07-04,70542197,"IDEALPRO","USD.CNH",0,6.7002,6.7022,0
2022-07-04,70543864,"IDEALPRO","USD.CNH",0,6.7002,6.70225,0
2022-07-04,70545810,"IDEALPRO","USD.CNH",0,6.7002,6.70225,0
2022-07-04,70547834,"IDEALPRO","USD.CNH",0,6.7002,6.70225,0
2022-07-04,70549869,"IDEALPRO","USD.CNH",0,6.7002,6.70225,0
2022-07-04,70601827,"IDEALPRO","USD.CNH",0,6.7002,6.7022,0
2022-07-04,70622642,"IDEALPRO","USD.CNH",0,6.7002,6.70213,0
2022-07-04,70650832,"IDEALPRO","USD.CNH",0,6.7002,6.70212,0
2022-07-04,70701733,"IDEALPRO","USD.CNH",0,6.7002,6.70207,0
2022-07-04,70750700,"IDEALPRO","USD.CNH",0,6.7002,6.70205,0
2022-07-04,70801722,"IDEALPRO","USD.CNH",0,6.7002,6.70235,0
2022-07-04,70815425,"IDEALPRO","USD.CNH",0,6.7002,6.70233,0
2022-07-04,70824328,"IDEALPRO","USD.CNH",0,6.7002,6.70232,0
2022-07-04,70840069,"IDEALPRO","USD.CNH",0,6.7002,6.70234,0
2022-07-04,70909723,"IDEALPRO","USD.CNH",0,6.7002,6.7025,0
2022-07-04,70913733,"IDEALPRO","USD.CNH",0,6.7002,6.70254,0
2022-07-04,70916393,"IDEALPRO","USD.CNH",0,6.7002,6.70255,0
2022-07-04,70918601,"IDEALPRO","USD.CNH",0,6.7002,6.70259,0
2022-07-04,70922673,"IDEALPRO","USD.CNH",0,6.7002,6.7026,0
2022-07-04,70924349,"IDEALPRO","USD.CNH",0,6.7002,6.70262,0
2022-07-04,70927318,"IDEALPRO","USD.CNH",0,6.7002,6.70265,0
2022-07-04,70931183,"IDEALPRO","USD.CNH",0,6.7002,6.70268,0
2022-07-04,70934729,"IDEALPRO","USD.CNH",0,6.7002,6.7027,0
2022-07-04,70944965,"IDEALPRO","USD.CNH",0,6.7002,6.70272,0
2022-07-04,70958576,"IDEALPRO","USD.CNH",0,6.7002,6.70274,0
2022-07-04,71000648,"IDEALPRO","USD.CNH",0,6.7002,6.70277,0
2022-07-04,71008677,"IDEALPRO","USD.CNH",0,6.7002,6.70278,0
2022-07-04,71013664,"IDEALPRO","USD.CNH",0,6.7002,6.7028,0
2022-07-04,71037730,"IDEALPRO","USD.CNH",0,6.7002,6.70283,0
2022-07-04,71107417,"IDEALPRO","USD.CNH",0,6.7002,6.70282,0
2022-07-04,71121085,"IDEALPRO","USD.CNH",0,6.7002,6.70281,0
2022-07-04,71227400,"IDEALPRO","USD.CNH",0,6.7002,6.70285,0
2022-07-04,71305852,"IDEALPRO","USD.CNH",0,6.7002,6.70283,0
2022-07-04,71332343,"IDEALPRO","USD.CNH",0,6.7002,6.70281,0
2022-07-04,71357709,"IDEALPRO","USD.CNH",0,6.70149,6.70281,0
2022-07-04,71425524,"IDEALPRO","USD.CNH",0,6.70149,6.70279,0
2022-07-04,71442872,"IDEALPRO","USD.CNH",0,6.70149,6.70281,0
2022-07-04,71512940,"IDEALPRO","USD.CNH",0,6.70149,6.70284,0
2022-07-04,71549732,"IDEALPRO","USD.CNH",0,6.70149,6.70291,0
2022-07-04,71558376,"IDEALPRO","USD.CNH",0,6.70149,6.70293,0
2022-07-04,71601888,"IDEALPRO","USD.CNH",0,6.70149,6.70291,0
2022-07-04,71627326,"IDEALPRO","USD.CNH",0,6.70149,6.7029,0
2022-07-04,71657370,"IDEALPRO","USD.CNH",0,6.70149,6.70291,0
2022-07-04,71700771,"IDEALPRO","USD.CNH",0,6.70149,6.7029,0
2022-07-04,71702236,"IDEALPRO","USD.CNH",0,6.7002,6.70288,0
2022-07-04,71856119,"IDEALPRO","USD.CNH",0,6.7002,6.70287,0
2022-07-04,72035464,"IDEALPRO","USD.CNH",0,6.7002,6.70302,0
2022-07-04,72036571,"IDEALPRO","USD.CNH",0,6.7002,6.70282,0
2022-07-04,72037457,"IDEALPRO","USD.CNH",0,6.7002,6.70302,0
2022-07-04,72038565,"IDEALPRO","USD.CNH",0,6.7002,6.70283,0
2022-07-04,72039713,"IDEALPRO","USD.CNH",0,6.7002,6.70302,0
2022-07-04,72040822,"IDEALPRO","USD.CNH",0,6.7002,6.70279,0
2022-07-04,72118466,"IDEALPRO","USD.CNH",0,6.7002,6.7028,0
2022-07-04,72140643,"IDEALPRO","USD.CNH",0,6.7002,6.70278,0
2022-07-04,72141087,"IDEALPRO","USD.CNH",0,6.7002,6.7028,0
2022-07-04,72152629,"IDEALPRO","USD.CNH",0,6.7002,6.70283,0
2022-07-04,72210701,"IDEALPRO","USD.CNH",0,6.7002,6.70285,0
2022-07-04,72230852,"IDEALPRO","USD.CNH",0,6.7002,6.70283,0
2022-07-04,72231073,"IDEALPRO","USD.CNH",0,6.7002,6.70292,0
2022-07-04,72236981,"IDEALPRO","USD.CNH",0,6.7002,6.70292,0
2022-07-04,72243448,"IDEALPRO","USD.CNH",0,6.7002,6.70295,0
2022-07-04,72305869,"IDEALPRO","USD.CNH",0,6.7002,6.70291,0
2022-07-04,72355179,"IDEALPRO","USD.CNH",0,6.7002,6.70287,0
2022-07-04,72450323,"IDEALPRO","USD.CNH",0,6.7002,6.70285,0
2022-07-04,72507557,"IDEALPRO","USD.CNH",0,6.7002,6.70284,0
2022-07-04,72514993,"IDEALPRO","USD.CNH",0,6.7002,6.70287,0
2022-07-04,72606672,"IDEALPRO","USD.CNH",0,6.7002,6.70283,0
2022-07-04,72640385,"IDEALPRO","USD.CNH",0,6.7002,6.7028,0
2022-07-04,72735729,"IDEALPRO","USD.CNH",0,6.7002,6.70283,0
2022-07-04,72810789,"IDEALPRO","USD.CNH",0,6.7002,6.70282,0
2022-07-04,72815631,"IDEALPRO","USD.CNH",0,6.7002,6.70286,0
2022-07-04,72820353,"IDEALPRO","USD.CNH",0,6.7002,6.70288,0
2022-07-04,72824271,"IDEALPRO","USD.CNH",0,6.7002,6.70288,0
2022-07-04,72845524,"IDEALPRO","USD.CNH",0,6.7002,6.70284,0
2022-07-04,72901310,"IDEALPRO","USD.CNH",0,6.7002,6.70281,0
2022-07-04,72946592,"IDEALPRO","USD.CNH",0,6.7002,6.7028,0
2022-07-04,72947702,"IDEALPRO","USD.CNH",0,6.7002,6.70275,0
2022-07-04,72956430,"IDEALPRO","USD.CNH",0,6.7002,6.70274,0
2022-07-04,73005124,"IDEALPRO","USD.CNH",0,6.7002,6.70271,0
2022-07-04,73031726,"IDEALPRO","USD.CNH",0,6.7002,6.70269,0
2022-07-04,73037342,"IDEALPRO","USD.CNH",0,6.7002,6.70267,0
2022-07-04,73052167,"IDEALPRO","USD.CNH",0,6.7002,6.70268,0
2022-07-04,73101762,"IDEALPRO","USD.CNH",0,6.7002,6.70269,0
2022-07-04,73105975,"IDEALPRO","USD.CNH",0,6.7002,6.70336,0
2022-07-04,73108886,"IDEALPRO","USD.CNH",0,6.7002,6.70333,0
2022-07-04,73113417,"IDEALPRO","USD.CNH",0,6.7002,6.70332,0
2022-07-04,73119758,"IDEALPRO","USD.CNH",0,6.7002,6.7033,0
2022-07-04,73128677,"IDEALPRO","USD.CNH",0,6.7002,6.70328,0
2022-07-04,73130713,"IDEALPRO","USD.CNH",0,6.7002,6.70324,0
2022-07-04,73139038,"IDEALPRO","USD.CNH",0,6.7002,6.70319,0
2022-07-04,73143494,"IDEALPRO","USD.CNH",0,6.7002,6.70321,0
2022-07-04,73147748,"IDEALPRO","USD.CNH",0,6.7002,6.7032,0
2022-07-04,73149677,"IDEALPRO","USD.CNH",0,6.7002,6.70318,0
2022-07-04,73151672,"IDEALPRO","USD.CNH",0,6.7002,6.70316,0
2022-07-04,73204658,"IDEALPRO","USD.CNH",0,6.7002,6.70313,0
2022-07-04,73207293,"IDEALPRO","USD.CNH",0,6.7002,6.70315,0
2022-07-04,73209992,"IDEALPRO","USD.CNH",0,6.7002,6.70317,0
2022-07-04,73217911,"IDEALPRO","USD.CNH",0,6.7002,6.70313,0
2022-07-04,73225564,"IDEALPRO","USD.CNH",0,6.7002,6.70314,0
2022-07-04,73234600,"IDEALPRO","USD.CNH",0,6.7002,6.70313,0
2022-07-04,73246559,"IDEALPRO","USD.CNH",0,6.7002,6.7031,0
2022-07-04,73251153,"IDEALPRO","USD.CNH",0,6.7002,6.70309,0
2022-07-04,73304779,"IDEALPRO","USD.CNH",0,6.7002,6.70302,0
2022-07-04,73306109,"IDEALPRO","USD.CNH",0,6.7002,6.70297,0
2022-07-04,73309512,"IDEALPRO","USD.CNH",0,6.7002,6.703,0
2022-07-04,73318101,"IDEALPRO","USD.CNH",0,6.7002,6.70294,0
2022-07-04,73321307,"IDEALPRO","USD.CNH",0,6.7002,6.70292,0
2022-07-04,73328054,"IDEALPRO","USD.CNH",0,6.7002,6.70284,0
2022-07-04,73329881,"IDEALPRO","USD.CNH",0,6.7002,6.70279,0
2022-07-04,73342867,"IDEALPRO","USD.CNH",0,6.7002,6.70275,0
2022-07-04,73345968,"IDEALPRO","USD.CNH",0,6.7002,6.70272,0
2022-07-04,73403067,"IDEALPRO","USD.CNH",0,6.7002,6.70273,0
2022-07-04,73435365,"IDEALPRO","USD.CNH",0,6.7002,6.70275,0
2022-07-04,73446747,"IDEALPRO","USD.CNH",0,6.7002,6.70276,0
2022-07-04,73459147,"IDEALPRO","USD.CNH",0,6.7002,6.70278,0
2022-07-04,73515653,"IDEALPRO","USD.CNH",0,6.7002,6.7028,0
2022-07-04,73525550,"IDEALPRO","USD.CNH",0,6.7002,6.70282,0
2022-07-04,73646514,"IDEALPRO","USD.CNH",0,6.7002,6.70285,0
2022-07-04,73712200,"IDEALPRO","USD.CNH",0,6.7002,6.70282,0
2022-07-04,73718627,"IDEALPRO","USD.CNH",0,6.7002,6.70279,0
2022-07-04,73753771,"IDEALPRO","USD.CNH",0,6.7002,6.7028,0
2022-07-04,73805090,"IDEALPRO","USD.CNH",0,6.7002,6.70283,0
2022-07-04,73857912,"IDEALPRO","USD.CNH",0,6.7002,6.70284,0
2022-07-04,73913308,"IDEALPRO","USD.CNH",0,6.7002,6.70285,0
2022-07-04,73948337,"IDEALPRO","USD.CNH",0,6.7002,6.70283,0
2022-07-04,74012175,"IDEALPRO","USD.CNH",0,6.7002,6.70282,0
2022-07-04,74042188,"IDEALPRO","USD.CNH",0,6.7002,6.70283,0
2022-07-04,74349868,"IDEALPRO","USD.CNH",0,6.7002,6.70284,0
2022-07-04,74355409,"IDEALPRO","USD.CNH",0,6.7002,6.70285,0
2022-07-04,74411982,"IDEALPRO","USD.CNH",0,6.7002,6.70287,0
2022-07-04,74425967,"IDEALPRO","USD.CNH",0,6.7002,6.70285,0
2022-07-04,74431556,"IDEALPRO","USD.CNH",0,6.7002,6.70284,0
2022-07-04,74450315,"IDEALPRO","USD.CNH",0,6.7002,6.70285,0
2022-07-04,74502764,"IDEALPRO","USD.CNH",0,6.7002,6.70287,0
2022-07-04,74503872,"IDEALPRO","USD.CNH",0,6.7002,6.7029,0
2022-07-04,74513584,"IDEALPRO","USD.CNH",0,6.7002,6.70291,0
2022-07-04,74521844,"IDEALPRO","USD.CNH",0,6.7002,6.70288,0
2022-07-04,74528185,"IDEALPRO","USD.CNH",0,6.7002,6.70286,0
2022-07-04,74534501,"IDEALPRO","USD.CNH",0,6.7002,6.70288,0
2022-07-04,74540324,"IDEALPRO","USD.CNH",0,6.7002,6.7029,0
2022-07-04,74555645,"IDEALPRO","USD.CNH",0,6.7002,6.70288,0
2022-07-04,74608610,"IDEALPRO","USD.CNH",0,6.7002,6.70284,0
2022-07-04,74612418,"IDEALPRO","USD.CNH",0,6.7002,6.70278,0
2022-07-04,74631597,"IDEALPRO","USD.CNH",0,6.7002,6.70277,0
2022-07-04,74641808,"IDEALPRO","USD.CNH",0,6.7002,6.70275,0
2022-07-04,74645702,"IDEALPRO","USD.CNH",0,6.7002,6.70276,0
2022-07-04,74649732,"IDEALPRO","USD.CNH",0,6.7002,6.70277,0
2022-07-04,74655576,"IDEALPRO","USD.CNH",0,6.7002,6.70279,0
2022-07-04,74658738,"IDEALPRO","USD.CNH",0,6.7002,6.7028,0
2022-07-04,74702322,"IDEALPRO","USD.CNH",0,6.7002,6.70282,0
2022-07-04,74704761,"IDEALPRO","USD.CNH",0,6.7002,6.70283,0
2022-07-04,74706978,"IDEALPRO","USD.CNH",0,6.70038,6.70283,0
2022-07-04,74710672,"IDEALPRO","USD.CNH",0,6.70038,6.70288,0
2022-07-04,74722535,"IDEALPRO","USD.CNH",0,6.70038,6.70278,0
2022-07-04,74725340,"IDEALPRO","USD.CNH",0,6.70038,6.7028,0
2022-07-04,74730922,"IDEALPRO","USD.CNH",0,6.70038,6.70312,0
2022-07-04,74732031,"IDEALPRO","USD.CNH",0,6.70038,6.70314,0
2022-07-04,74733582,"IDEALPRO","USD.CNH",0,6.70038,6.70311,0
2022-07-04,74737568,"IDEALPRO","USD.CNH",0,6.70038,6.70313,0
2022-07-04,74743461,"IDEALPRO","USD.CNH",0,6.70038,6.70308,0
2022-07-04,74745531,"IDEALPRO","USD.CNH",0,6.70038,6.70309,0
2022-07-04,74751113,"IDEALPRO","USD.CNH",0,6.70038,6.70307,0
2022-07-04,74800263,"IDEALPRO","USD.CNH",0,6.70038,6.70305,0
2022-07-04,74801373,"IDEALPRO","USD.CNH",0,6.70038,6.70306,0
2022-07-04,74806856,"IDEALPRO","USD.CNH",0,6.70028,6.70306,0
2022-07-04,74810719,"IDEALPRO","USD.CNH",0,6.70028,6.70305,0
2022-07-04,74815545,"IDEALPRO","USD.CNH",0,6.70028,6.70304,0
2022-07-04,74825407,"IDEALPRO","USD.CNH",0,6.70028,6.70304,0
2022-07-04,74826165,"IDEALPRO","USD.CNH",0,6.70028,6.70304,0
2022-07-04,74837631,"IDEALPRO","USD.CNH",0,6.70028,6.70302,0
2022-07-04,74854163,"IDEALPRO","USD.CNH",0,6.70028,6.70301,0
2022-07-04,74856249,"IDEALPRO","USD.CNH",0,6.70028,6.703,0
2022-07-04,74903064,"IDEALPRO","USD.CNH",0,6.70028,6.70298,0
2022-07-04,74910435,"IDEALPRO","USD.CNH",0,6.70028,6.70297,0
2022-07-04,74930307,"IDEALPRO","USD.CNH",0,6.70028,6.70301,0
2022-07-04,74933668,"IDEALPRO","USD.CNH",0,6.70028,6.70298,0
2022-07-04,74944779,"IDEALPRO","USD.CNH",0,6.70028,6.70297,0
2022-07-04,74955673,"IDEALPRO","USD.CNH",0,6.70028,6.70296,0
2022-07-04,75000826,"IDEALPRO","USD.CNH",0,6.70028,6.70294,0
2022-07-04,75001934,"IDEALPRO","USD.CNH",0,6.70032,6.70295,0
2022-07-04,75002156,"IDEALPRO","USD.CNH",0,6.70037,6.70295,0
2022-07-04,75003708,"IDEALPRO","USD.CNH",0,6.70028,6.70294,0
2022-07-04,75004594,"IDEALPRO","USD.CNH",0,6.70028,6.70292,0
2022-07-04,75005481,"IDEALPRO","USD.CNH",0,6.70028,6.70274,0
2022-07-04,75006811,"IDEALPRO","USD.CNH",0,6.70037,6.70274,0
2022-07-04,75013867,"IDEALPRO","USD.CNH",0,6.70037,6.70272,0
2022-07-04,75028010,"IDEALPRO","USD.CNH",0,6.70037,6.70276,0
2022-07-04,75031597,"IDEALPRO","USD.CNH",0,6.70037,6.70277,0
2022-07-04,75057176,"IDEALPRO","USD.CNH",0,6.70037,6.70276,0
2022-07-04,75107071,"IDEALPRO","USD.CNH",0,6.70037,6.70275,0
2022-07-04,75119407,"IDEALPRO","USD.CNH",0,6.70037,6.70274,0
2022-07-04,75139206,"IDEALPRO","USD.CNH",0,6.70037,6.70273,0
2022-07-04,75153146,"IDEALPRO","USD.CNH",0,6.70037,6.70291,0
2022-07-04,75240096,"IDEALPRO","USD.CNH",0,6.70037,6.7029,0
2022-07-04,75313193,"IDEALPRO","USD.CNH",0,6.70037,6.70292,0
2022-07-04,75318428,"IDEALPRO","USD.CNH",0,6.70037,6.70291,0
2022-07-04,75322580,"IDEALPRO","USD.CNH",0,6.70037,6.70289,0
2022-07-04,75327173,"IDEALPRO","USD.CNH",0,6.70037,6.70288,0
2022-07-04,75337489,"IDEALPRO","USD.CNH",0,6.70037,6.70289,0
2022-07-04,75413573,"IDEALPRO","USD.CNH",0,6.70037,6.70286,0
2022-07-04,75416695,"IDEALPRO","USD.CNH",0,6.70037,6.70291,0
2022-07-04,75434692,"IDEALPRO","USD.CNH",0,6.70037,6.70289,0
2022-07-04,75437531,"IDEALPRO","USD.CNH",0,6.70037,6.70318,0
2022-07-04,75624679,"IDEALPRO","USD.CNH",0,6.70037,6.70316,0
2022-07-04,75706927,"IDEALPRO","USD.CNH",0,6.70047,6.70316,0
2022-07-04,75709046,"IDEALPRO","USD.CNH",0,6.70047,6.70317,0
2022-07-04,75727807,"IDEALPRO","USD.CNH",0,6.70049,6.70317,0
2022-07-04,75728914,"IDEALPRO","USD.CNH",0,6.70051,6.70317,0
2022-07-04,75737970,"IDEALPRO","USD.CNH",0,6.70055,6.70317,0
2022-07-04,75739079,"IDEALPRO","USD.CNH",0,6.70051,6.70317,0
2022-07-04,75740892,"IDEALPRO","USD.CNH",0,6.70052,6.70317,0
2022-07-04,75742001,"IDEALPRO","USD.CNH",0,6.70051,6.70317,0
2022-07-04,75744884,"IDEALPRO","USD.CNH",0,6.70047,6.70317,0
2022-07-04,75745999,"IDEALPRO","USD.CNH",0,6.70051,6.70317,0
2022-07-04,75747987,"IDEALPRO","USD.CNH",0,6.70064,6.70317,0
2022-07-04,75749575,"IDEALPRO","USD.CNH",0,6.70047,6.70317,0
2022-07-04,75750682,"IDEALPRO","USD.CNH",0,6.70064,6.70317,0
2022-07-04,75751570,"IDEALPRO","USD.CNH",0,6.70068,6.70317,0
2022-07-04,75758662,"IDEALPRO","USD.CNH",0,6.70066,6.70317,0
2022-07-04,75805804,"IDEALPRO","USD.CNH",0,6.70047,6.70317,0
2022-07-04,75806913,"IDEALPRO","USD.CNH",0,6.70053,6.70317,0
2022-07-04,75813856,"IDEALPRO","USD.CNH",0,6.70053,6.70303,0
2022-07-04,75844030,"IDEALPRO","USD.CNH",0,6.70053,6.7031,0
2022-07-04,75922539,"IDEALPRO","USD.CNH",0,6.70053,6.70312,0
2022-07-04,75931082,"IDEALPRO","USD.CNH",0,6.70053,6.7031,0
2022-07-04,80000888,"IDEALPRO","USD.CNH",0,6.70134,6.70224,0
2022-07-04,80001996,"IDEALPRO","USD.CNH",0,6.70196,6.70258,0
2022-07-04,80002882,"IDEALPRO","USD.CNH",0,6.70169,6.70256,0
2022-07-04,80003990,"IDEALPRO","USD.CNH",0,6.70148,6.70243,0
2022-07-04,80004877,"IDEALPRO","USD.CNH",0,6.70159,6.70257,0
2022-07-04,80005321,"IDEALPRO","USD.CNH",0,6.70157,6.70255,0
2022-07-04,80006430,"IDEALPRO","USD.CNH",0,6.70156,6.70254,0
2022-07-04,80010904,"IDEALPRO","USD.CNH",0,6.70186,6.70261,0
2022-07-04,80011791,"IDEALPRO","USD.CNH",0,6.70151,6.70246,0
2022-07-04,80012899,"IDEALPRO","USD.CNH",0,6.70155,6.70253,0
2022-07-04,80013787,"IDEALPRO","USD.CNH",0,6.70168,6.7026,0
2022-07-04,80014896,"IDEALPRO","USD.CNH",0,6.70191,6.70273,0
2022-07-04,80015783,"IDEALPRO","USD.CNH",0,6.70158,6.70243,0
2022-07-04,80016892,"IDEALPRO","USD.CNH",0,6.70158,6.70246,0
2022-07-04,80017780,"IDEALPRO","USD.CNH",0,6.70159,6.70242,0
2022-07-04,80018888,"IDEALPRO","USD.CNH",0,6.70157,6.70241,0
2022-07-04,80019803,"IDEALPRO","USD.CNH",0,6.70169,6.70242,0
2022-07-04,80020912,"IDEALPRO","USD.CNH",0,6.70166,6.70251,0
2022-07-04,80021799,"IDEALPRO","USD.CNH",0,6.70166,6.70257,0
2022-07-04,80022908,"IDEALPRO","USD.CNH",0,6.70167,6.70276,0
2022-07-04,80023795,"IDEALPRO","USD.CNH",0,6.70168,6.70288,0
2022-07-04,80024904,"IDEALPRO","USD.CNH",0,6.70169,6.70289,0
2022-07-04,80025791,"IDEALPRO","USD.CNH",0,6.70157,6.70266,0
2022-07-04,80026899,"IDEALPRO","USD.CNH",0,6.70153,6.70269,0
2022-07-04,80027785,"IDEALPRO","USD.CNH",0,6.70164,6.70281,0
2022-07-04,80028895,"IDEALPRO","USD.CNH",0,6.70142,6.7026,0
2022-07-04,80029821,"IDEALPRO","USD.CNH",0,6.70165,6.70283,0
2022-07-04,80030929,"IDEALPRO","USD.CNH",0,6.70164,6.70278,0
2022-07-04,80031816,"IDEALPRO","USD.CNH",0,6.70139,6.70257,0
2022-07-04,80032925,"IDEALPRO","USD.CNH",0,6.70157,6.70256,0
2022-07-04,80033369,"IDEALPRO","USD.CNH",0,6.7013,6.70234,0
2022-07-04,80034921,"IDEALPRO","USD.CNH",0,6.70143,6.70234,0
2022-07-04,80035808,"IDEALPRO","USD.CNH",0,6.70113,6.70224,0
2022-07-04,80036916,"IDEALPRO","USD.CNH",0,6.70137,6.70243,0
2022-07-04,80037802,"IDEALPRO","USD.CNH",0,6.70149,6.70239,0
2022-07-04,80038246,"IDEALPRO","USD.CNH",0,6.70139,6.70242,0
2022-07-04,80040946,"IDEALPRO","USD.CNH",0,6.70146,6.7024,0
2022-07-04,80041832,"IDEALPRO","USD.CNH",0,6.70149,6.70241,0
2022-07-04,80042941,"IDEALPRO","USD.CNH",0,6.70146,6.70238,0
2022-07-04,80043828,"IDEALPRO","USD.CNH",0,6.70143,6.70241,0
2022-07-04,80044049,"IDEALPRO","USD.CNH",0,6.70151,6.70241,0
2022-07-04,80046933,"IDEALPRO","USD.CNH",0,6.70151,6.70231,0
2022-07-04,80047820,"IDEALPRO","USD.CNH",0,6.70151,6.70233,0
2022-07-04,80048263,"IDEALPRO","USD.CNH",0,6.70141,6.70232,0
2022-07-04,80049867,"IDEALPRO","USD.CNH",0,6.70145,6.70232,0
2022-07-04,80051863,"IDEALPRO","USD.CNH",0,6.70108,6.70207,0
2022-07-04,80052529,"IDEALPRO","USD.CNH",0,6.69778,6.69978,0
2022-07-04,80054524,"IDEALPRO","USD.CNH",0,6.69801,6.70017,0
2022-07-04,80055327,"IDEALPRO","USD.CNH",0,6.69801,6.70017,0
2022-07-04,80056434,"IDEALPRO","USD.CNH",0,6.69802,6.7001,0
2022-07-04,80057543,"IDEALPRO","USD.CNH",0,6.69801,6.70017,0
2022-07-04,80100466,"IDEALPRO","USD.CNH",0,6.69798,6.70003,0
2022-07-04,80101134,"IDEALPRO","USD.CNH",0,6.69781,6.69987,0
2022-07-04,80102464,"IDEALPRO","USD.CNH",0,6.69769,6.69974,0
2022-07-04,80109820,"IDEALPRO","USD.CNH",0,6.69767,6.69969,0
2022-07-04,80122685,"IDEALPRO","USD.CNH",0,6.6979,6.6999,0
2022-07-04,80126897,"IDEALPRO","USD.CNH",0,6.69812,6.69987,0
2022-07-04,80127783,"IDEALPRO","USD.CNH",0,6.69815,6.69991,0
2022-07-04,80131617,"IDEALPRO","USD.CNH",0,6.69816,6.69992,0
2022-07-04,80132948,"IDEALPRO","USD.CNH",0,6.69809,6.69993,0
2022-07-04,80133169,"IDEALPRO","USD.CNH",0,6.69812,6.69989,0
2022-07-04,80136939,"IDEALPRO","USD.CNH",0,6.6981,6.69993,0
2022-07-04,80137827,"IDEALPRO","USD.CNH",0,6.69819,6.69993,0
2022-07-04,80138048,"IDEALPRO","USD.CNH",0,6.69847,6.70004,0
2022-07-04,80140790,"IDEALPRO","USD.CNH",0,6.69836,6.7,0
2022-07-04,80148994,"IDEALPRO","USD.CNH",0,6.69849,6.70013,0
2022-07-04,80149217,"IDEALPRO","USD.CNH",0,6.69849,6.70013,0
2022-07-04,80150586,"IDEALPRO","USD.CNH",0,6.69868,6.70017,0
2022-07-04,80152359,"IDEALPRO","USD.CNH",0,6.69856,6.70017,0
2022-07-04,80153688,"IDEALPRO","USD.CNH",0,6.6986,6.70017,0
2022-07-04,80154574,"IDEALPRO","USD.CNH",0,6.69873,6.70017,0
2022-07-04,80157899,"IDEALPRO","USD.CNH",0,6.69873,6.70015,0
2022-07-04,80200835,"IDEALPRO","USD.CNH",0,6.69886,6.70017,0
2022-07-04,80204605,"IDEALPRO","USD.CNH",0,6.69891,6.70032,0
2022-07-04,80216840,"IDEALPRO","USD.CNH",0,6.69892,6.70022,0
2022-07-04,80217061,"IDEALPRO","USD.CNH",0,6.69892,6.70032,0
2022-07-04,80236227,"IDEALPRO","USD.CNH",0,6.69891,6.70032,0
2022-07-04,80238665,"IDEALPRO","USD.CNH",0,6.69896,6.70035,0
2022-07-04,80241588,"IDEALPRO","USD.CNH",0,6.69903,6.70028,0
2022-07-04,80242918,"IDEALPRO","USD.CNH",0,6.69903,6.70028,0
2022-07-04,80245135,"IDEALPRO","USD.CNH",0,6.69906,6.70028,0
2022-07-04,80249610,"IDEALPRO","USD.CNH",0,6.699,6.70024,0
2022-07-04,80252713,"IDEALPRO","USD.CNH",0,6.699,6.70021,0
2022-07-04,80258699,"IDEALPRO","USD.CNH",0,6.6989,6.70023,0
2022-07-04,80259142,"IDEALPRO","USD.CNH",0,6.69889,6.70023,0
2022-07-04,80304502,"IDEALPRO","USD.CNH",0,6.69896,6.70022,0
2022-07-04,80306275,"IDEALPRO","USD.CNH",0,6.69894,6.7002,0
2022-07-04,80308494,"IDEALPRO","USD.CNH",0,6.69891,6.70006,0
2022-07-04,80309159,"IDEALPRO","USD.CNH",0,6.69891,6.70007,0
2022-07-04,80323963,"IDEALPRO","USD.CNH",0,6.6989,6.70007,0
2022-07-04,80325737,"IDEALPRO","USD.CNH",0,6.69891,6.70007,0
2022-07-04,80334421,"IDEALPRO","USD.CNH",0,6.6989,6.70007,0
2022-07-04,80335786,"IDEALPRO","USD.CNH",0,6.69893,6.70007,0
2022-07-04,80336895,"IDEALPRO","USD.CNH",0,6.69891,6.70008,0
2022-07-04,80337339,"IDEALPRO","USD.CNH",0,6.69897,6.70008,0
2022-07-04,80338447,"IDEALPRO","USD.CNH",0,6.69891,6.70008,0
2022-07-04,80339818,"IDEALPRO","USD.CNH",0,6.69891,6.70009,0
2022-07-04,80342921,"IDEALPRO","USD.CNH",0,6.69886,6.7001,0
2022-07-04,80344473,"IDEALPRO","USD.CNH",0,6.69889,6.7001,0
2022-07-04,80346689,"IDEALPRO","USD.CNH",0,6.69889,6.70009,0
2022-07-04,80401347,"IDEALPRO","USD.CNH",0,6.69889,6.70004,0
2022-07-04,80406224,"IDEALPRO","USD.CNH",0,6.6989,6.70004,0
2022-07-04,80420910,"IDEALPRO","USD.CNH",0,6.69895,6.70008,0
2022-07-04,80421577,"IDEALPRO","USD.CNH",0,6.69895,6.70004,0
2022-07-04,80432687,"IDEALPRO","USD.CNH",0,6.69891,6.70004,0
2022-07-04,80433796,"IDEALPRO","USD.CNH",0,6.69885,6.70014,0
2022-07-04,80434240,"IDEALPRO","USD.CNH",0,6.69884,6.70014,0
2022-07-04,80436706,"IDEALPRO","USD.CNH",0,6.69883,6.70008,0
2022-07-04,80449005,"IDEALPRO","USD.CNH",0,6.69882,6.70007,0
2022-07-04,80450596,"IDEALPRO","USD.CNH",0,6.69882,6.70008,0
2022-07-04,80452959,"IDEALPRO","USD.CNH",0,6.69882,6.70006,0
2022-07-04,80455313,"IDEALPRO","USD.CNH",0,6.69882,6.70008,0
2022-07-04,80503938,"IDEALPRO","USD.CNH",0,6.69884,6.70008,0
2022-07-04,80506155,"IDEALPRO","USD.CNH",0,6.69883,6.70008,0
2022-07-04,80511986,"IDEALPRO","USD.CNH",0,6.69881,6.70006,0
2022-07-04,80513980,"IDEALPRO","USD.CNH",0,6.69883,6.70006,0
2022-07-04,80514201,"IDEALPRO","USD.CNH",0,6.69881,6.70006,0
2022-07-04,80522239,"IDEALPRO","USD.CNH",0,6.69888,6.70006,0
2022-07-04,80523793,"IDEALPRO","USD.CNH",0,6.69888,6.70009,0
2022-07-04,80524457,"IDEALPRO","USD.CNH",0,6.69889,6.70009,0
2022-07-04,80526674,"IDEALPRO","USD.CNH",0,6.6989,6.70008,0
2022-07-04,80528904,"IDEALPRO","USD.CNH",0,6.69904,6.70009,0
2022-07-04,80529830,"IDEALPRO","USD.CNH",0,6.69859,6.69982,0
2022-07-04,80530939,"IDEALPRO","USD.CNH",0,6.69813,6.69958,0
2022-07-04,80531825,"IDEALPRO","USD.CNH",0,6.69868,6.69964,0
2022-07-04,80532933,"IDEALPRO","USD.CNH",0,6.6986,6.69971,0
2022-07-04,80534929,"IDEALPRO","USD.CNH",0,6.6986,6.69963,0
2022-07-04,80535816,"IDEALPRO","USD.CNH",0,6.69822,6.69971,0
2022-07-04,80536259,"IDEALPRO","USD.CNH",0,6.69845,6.69958,0
2022-07-04,80537811,"IDEALPRO","USD.CNH",0,6.69864,6.69977,0
2022-07-04,80538254,"IDEALPRO","USD.CNH",0,6.69836,6.69949,0
2022-07-04,80539624,"IDEALPRO","USD.CNH",0,6.6984,6.69953,0
2022-07-04,80540953,"IDEALPRO","USD.CNH",0,6.6985,6.69961,0
2022-07-04,80541840,"IDEALPRO","USD.CNH",0,6.69851,6.69963,0
2022-07-04,80542062,"IDEALPRO","USD.CNH",0,6.69844,6.69957,0
2022-07-04,80545831,"IDEALPRO","USD.CNH",0,6.6984,6.69953,0
2022-07-04,80546274,"IDEALPRO","USD.CNH",0,6.69842,6.69955,0
2022-07-04,80547162,"IDEALPRO","USD.CNH",0,6.69851,6.69946,0
2022-07-04,80553254,"IDEALPRO","USD.CNH",0,6.69854,6.6995,0
2022-07-04,80554363,"IDEALPRO","USD.CNH",0,6.6985,6.69945,0
2022-07-04,80555472,"IDEALPRO","USD.CNH",0,6.69856,6.69952,0
2022-07-04,80556904,"IDEALPRO","USD.CNH",0,6.69855,6.69951,0
2022-07-04,80557792,"IDEALPRO","USD.CNH",0,6.6985,6.69945,0
2022-07-04,80602932,"IDEALPRO","USD.CNH",0,6.69851,6.69946,0
2022-07-04,80603597,"IDEALPRO","USD.CNH",0,6.69849,6.69935,0
2022-07-04,80604262,"IDEALPRO","USD.CNH",0,6.6985,6.69941,0
2022-07-04,80606922,"IDEALPRO","USD.CNH",0,6.69847,6.69942,0
2022-07-04,80611209,"IDEALPRO","USD.CNH",0,6.69856,6.69944,0
2022-07-04,80613964,"IDEALPRO","USD.CNH",0,6.69856,6.69942,0
2022-07-04,80615515,"IDEALPRO","USD.CNH",0,6.69855,6.69942,0
2022-07-04,80618642,"IDEALPRO","USD.CNH",0,6.69855,6.69945,0
2022-07-04,80619543,"IDEALPRO","USD.CNH",0,6.69856,6.69953,0
2022-07-04,80620912,"IDEALPRO","USD.CNH",0,6.69856,6.69953,0
2022-07-04,80621799,"IDEALPRO","USD.CNH",0,6.69864,6.69932,0
2022-07-04,80622908,"IDEALPRO","USD.CNH",0,6.69873,6.69963,0
2022-07-04,80623573,"IDEALPRO","USD.CNH",0,6.69868,6.6994,0
2022-07-04,80624904,"IDEALPRO","USD.CNH",0,6.69868,6.69941,0
2022-07-04,80628993,"IDEALPRO","USD.CNH",0,6.6985,6.69937,0
2022-07-04,80629918,"IDEALPRO","USD.CNH",0,6.69881,6.69953,0
2022-07-04,80630361,"IDEALPRO","USD.CNH",0,6.69881,6.69954,0
2022-07-04,80631879,"IDEALPRO","USD.CNH",0,6.69882,6.6996,0
2022-07-04,80634283,"IDEALPRO","USD.CNH",0,6.69882,6.69957,0
2022-07-04,80637830,"IDEALPRO","USD.CNH",0,6.69873,6.69954,0
2022-07-04,80638496,"IDEALPRO","USD.CNH",0,6.69818,6.69914,0
2022-07-04,80639644,"IDEALPRO","USD.CNH",0,6.69815,6.6991,0
2022-07-04,80640975,"IDEALPRO","USD.CNH",0,6.69821,6.69918,0
2022-07-04,80641861,"IDEALPRO","USD.CNH",0,6.69797,6.69893,0
2022-07-04,80646961,"IDEALPRO","USD.CNH",0,6.698,6.69895,0
2022-07-04,80647183,"IDEALPRO","USD.CNH",0,6.69815,6.6991,0
2022-07-04,80648735,"IDEALPRO","USD.CNH",0,6.69819,6.69909,0
2022-07-04,80649400,"IDEALPRO","USD.CNH",0,6.6982,6.6991,0
2022-07-04,80652928,"IDEALPRO","USD.CNH",0,6.69819,6.69906,0
2022-07-04,80655833,"IDEALPRO","USD.CNH",0,6.69898,6.6999,0
2022-07-04,80656719,"IDEALPRO","USD.CNH",0,6.69859,6.69985,0
2022-07-04,80701528,"IDEALPRO","USD.CNH",0,6.69859,6.6999,0
2022-07-04,80706896,"IDEALPRO","USD.CNH",0,6.69827,6.69935,0
2022-07-04,80707117,"IDEALPRO","USD.CNH",0,6.69828,6.69935,0
2022-07-04,80708005,"IDEALPRO","USD.CNH",0,6.6983,6.6993,0
2022-07-04,80710926,"IDEALPRO","USD.CNH",0,6.69827,6.6993,0
2022-07-04,80711812,"IDEALPRO","USD.CNH",0,6.69819,6.69927,0
2022-07-04,80712478,"IDEALPRO","USD.CNH",0,6.69817,6.69927,0
2022-07-04,80714030,"IDEALPRO","USD.CNH",0,6.6982,6.69927,0
2022-07-04,80717758,"IDEALPRO","USD.CNH",0,6.6982,6.69927,0
2022-07-04,80720913,"IDEALPRO","USD.CNH",0,6.6982,6.69929,0
2022-07-04,80722908,"IDEALPRO","USD.CNH",0,6.69821,6.69929,0
2022-07-04,80723572,"IDEALPRO","USD.CNH",0,6.69815,6.69928,0
2022-07-04,80724902,"IDEALPRO","USD.CNH",0,6.69815,6.69928,0
2022-07-04,80726898,"IDEALPRO","USD.CNH",0,6.69815,6.69928,0
2022-07-04,80728892,"IDEALPRO","USD.CNH",0,6.69817,6.69925,0
2022-07-04,80729597,"IDEALPRO","USD.CNH",0,6.69812,6.69925,0
2022-07-04,80730707,"IDEALPRO","USD.CNH",0,6.69811,6.69925,0
2022-07-04,80731372,"IDEALPRO","USD.CNH",0,6.69814,6.69925,0
2022-07-04,80732925,"IDEALPRO","USD.CNH",0,6.69818,6.69925,0
2022-07-04,80733146,"IDEALPRO","USD.CNH",0,6.69803,6.69911,0
2022-07-04,80734255,"IDEALPRO","USD.CNH",0,6.69805,6.69914,0
2022-07-04,80735808,"IDEALPRO","USD.CNH",0,6.69808,6.69914,0
2022-07-04,80736696,"IDEALPRO","USD.CNH",0,6.69809,6.69914,0
2022-07-04,80737804,"IDEALPRO","USD.CNH",0,6.69809,6.69912,0
2022-07-04,80738913,"IDEALPRO","USD.CNH",0,6.69809,6.69912,0
2022-07-04,80739618,"IDEALPRO","USD.CNH",0,6.69807,6.69912,0
2022-07-04,80740949,"IDEALPRO","USD.CNH",0,6.6981,6.69912,0
2022-07-04,80741171,"IDEALPRO","USD.CNH",0,6.69809,6.69912,0
2022-07-04,80743165,"IDEALPRO","USD.CNH",0,6.69811,6.69912,0
2022-07-04,80744274,"IDEALPRO","USD.CNH",0,6.69811,6.6992,0
2022-07-04,80745823,"IDEALPRO","USD.CNH",0,6.69809,6.69914,0
2022-07-04,80746489,"IDEALPRO","USD.CNH",0,6.69809,6.69914,0
2022-07-04,80747818,"IDEALPRO","USD.CNH",0,6.6981,6.69914,0
2022-07-04,80748926,"IDEALPRO","USD.CNH",0,6.6981,6.69918,0
2022-07-04,80749369,"IDEALPRO","USD.CNH",0,6.6981,6.69918,0
2022-07-04,80750074,"IDEALPRO","USD.CNH",0,6.6981,6.69918,0
2022-07-04,80751182,"IDEALPRO","USD.CNH",0,6.6981,6.69917,0
2022-07-04,80753621,"IDEALPRO","USD.CNH",0,6.6981,6.69917,0
2022-07-04,80754067,"IDEALPRO","USD.CNH",0,6.6981,6.69917,0
2022-07-04,80755618,"IDEALPRO","USD.CNH",0,6.69809,6.69914,0
2022-07-04,80756950,"IDEALPRO","USD.CNH",0,6.69809,6.69914,0
2022-07-04,80758945,"IDEALPRO","USD.CNH",0,6.69818,6.69914,0
2022-07-04,80759871,"IDEALPRO","USD.CNH",0,6.69818,6.69914,0
2022-07-04,80800980,"IDEALPRO","USD.CNH",0,6.69815,6.69904,0
2022-07-04,80801644,"IDEALPRO","USD.CNH",0,6.69814,6.69904,0
2022-07-04,80802974,"IDEALPRO","USD.CNH",0,6.69802,6.69892,0
2022-07-04,80803417,"IDEALPRO","USD.CNH",0,6.69803,6.69893,0
2022-07-04,80804526,"IDEALPRO","USD.CNH",0,6.69808,6.69894,0
2022-07-04,80805413,"IDEALPRO","USD.CNH",0,6.69805,6.69893,0
2022-07-04,80806077,"IDEALPRO","USD.CNH",0,6.69804,6.69893,0
2022-07-04,80810802,"IDEALPRO","USD.CNH",0,6.69805,6.69893,0
2022-07-04,80812575,"IDEALPRO","USD.CNH",0,6.69807,6.69893,0
2022-07-04,80813019,"IDEALPRO","USD.CNH",0,6.6981,6.69885,0
2022-07-04,80815236,"IDEALPRO","USD.CNH",0,6.69805,6.69886,0
2022-07-04,80817454,"IDEALPRO","USD.CNH",0,6.69805,6.69886,0
2022-07-04,80818561,"IDEALPRO","USD.CNH",0,6.69802,6.69886,0
2022-07-04,80824603,"IDEALPRO","USD.CNH",0,6.69801,6.69889,0
2022-07-04,80825934,"IDEALPRO","USD.CNH",0,6.69801,6.69889,0
2022-07-04,80831655,"IDEALPRO","USD.CNH",0,6.69801,6.6989,0
2022-07-04,80834092,"IDEALPRO","USD.CNH",0,6.69801,6.69888,0
2022-07-04,80835644,"IDEALPRO","USD.CNH",0,6.69801,6.6989,0
2022-07-04,80836309,"IDEALPRO","USD.CNH",0,6.69801,6.69889,0
2022-07-04,80837196,"IDEALPRO","USD.CNH",0,6.69801,6.6989,0
2022-07-04,80838748,"IDEALPRO","USD.CNH",0,6.69793,6.6989,0
2022-07-04,80910700,"IDEALPRO","USD.CNH",0,6.69793,6.69885,0
2022-07-04,80912917,"IDEALPRO","USD.CNH",0,6.69792,6.69885,0
2022-07-04,80913139,"IDEALPRO","USD.CNH",0,6.69787,6.69881,0
2022-07-04,80914964,"IDEALPRO","USD.CNH",0,6.69782,6.69882,0
2022-07-04,80915186,"IDEALPRO","USD.CNH",0,6.69782,6.69882,0
2022-07-04,80917625,"IDEALPRO","USD.CNH",0,6.69782,6.69875,0
2022-07-04,80918738,"IDEALPRO","USD.CNH",0,6.69782,6.69877,0
2022-07-04,80920913,"IDEALPRO","USD.CNH",0,6.6978,6.69877,0
2022-07-04,80922907,"IDEALPRO","USD.CNH",0,6.69781,6.69877,0
2022-07-04,80923129,"IDEALPRO","USD.CNH",0,6.69785,6.69877,0
2022-07-04,80924903,"IDEALPRO","USD.CNH",0,6.6978,6.69877,0
2022-07-04,80926899,"IDEALPRO","USD.CNH",0,6.69783,6.69876,0
2022-07-04,80927564,"IDEALPRO","USD.CNH",0,6.69785,6.69876,0
2022-07-04,80928008,"IDEALPRO","USD.CNH",0,6.69782,6.69876,0
2022-07-04,80929339,"IDEALPRO","USD.CNH",0,6.69785,6.69876,0
2022-07-04,80930929,"IDEALPRO","USD.CNH",0,6.69791,6.69876,0
2022-07-04,80931816,"IDEALPRO","USD.CNH",0,6.69787,6.69872,0
2022-07-04,80932925,"IDEALPRO","USD.CNH",0,6.69785,6.69872,0
2022-07-04,80933591,"IDEALPRO","USD.CNH",0,6.69838,6.6991,0
2022-07-04,80934478,"IDEALPRO","USD.CNH",0,6.69833,6.69914,0
2022-07-04,80935808,"IDEALPRO","USD.CNH",0,6.6983,6.69927,0
2022-07-04,80936918,"IDEALPRO","USD.CNH",0,6.69767,6.69884,0
2022-07-04,80938469,"IDEALPRO","USD.CNH",0,6.6978,6.69879,0
2022-07-04,80940725,"IDEALPRO","USD.CNH",0,6.69778,6.69879,0
2022-07-04,80941612,"IDEALPRO","USD.CNH",0,6.69769,6.6988,0
2022-07-04,80942277,"IDEALPRO","USD.CNH",0,6.69765,6.6988,0
2022-07-04,80943880,"IDEALPRO","USD.CNH",0,6.69767,6.6988,0
2022-07-04,80944581,"IDEALPRO","USD.CNH",0,6.69782,6.69873,0
2022-07-04,80945911,"IDEALPRO","USD.CNH",0,6.69787,6.69873,0
2022-07-04,80946577,"IDEALPRO","USD.CNH",0,6.6979,6.69882,0
2022-07-04,80947463,"IDEALPRO","USD.CNH",0,6.69792,6.69882,0
2022-07-04,80949994,"IDEALPRO","USD.CNH",0,6.69792,6.69882,0
2022-07-04,80951990,"IDEALPRO","USD.CNH",0,6.69792,6.69874,0
2022-07-04,80952654,"IDEALPRO","USD.CNH",0,6.69793,6.69874,0
2022-07-04,80953984,"IDEALPRO","USD.CNH",0,6.69793,6.69874,0
2022-07-04,80954649,"IDEALPRO","USD.CNH",0,6.69794,6.69874,0
2022-07-04,80955313,"IDEALPRO","USD.CNH",0,6.69793,6.69874,0
2022-07-04,80956866,"IDEALPRO","USD.CNH",0,6.69795,6.69874,0
2022-07-04,80957087,"IDEALPRO","USD.CNH",0,6.69795,6.69881,0
2022-07-04,81000672,"IDEALPRO","USD.CNH",0,6.69795,6.69887,0
2022-07-04,81002889,"IDEALPRO","USD.CNH",0,6.69795,6.69887,0
2022-07-04,81003997,"IDEALPRO","USD.CNH",0,6.69804,6.69892,0
2022-07-04,81004885,"IDEALPRO","USD.CNH",0,6.69804,6.69889,0
2022-07-04,81005771,"IDEALPRO","USD.CNH",0,6.69798,6.69882,0
2022-07-04,81007989,"IDEALPRO","USD.CNH",0,6.69798,6.69882,0
2022-07-04,81008211,"IDEALPRO","USD.CNH",0,6.69798,6.69885,0
2022-07-04,81026899,"IDEALPRO","USD.CNH",0,6.698,6.69885,0
2022-07-04,81028894,"IDEALPRO","USD.CNH",0,6.698,6.69887,0
2022-07-04,81031815,"IDEALPRO","USD.CNH",0,6.69766,6.69857,0
2022-07-04,81032924,"IDEALPRO","USD.CNH",0,6.69779,6.69866,0
2022-07-04,81033366,"IDEALPRO","USD.CNH",0,6.69779,6.69866,0
2022-07-04,81036917,"IDEALPRO","USD.CNH",0,6.6978,6.69866,0
2022-07-04,81040543,"IDEALPRO","USD.CNH",0,6.69777,6.69868,0
2022-07-04,81044992,"IDEALPRO","USD.CNH",0,6.69776,6.69868,0
2022-07-04,81047875,"IDEALPRO","USD.CNH",0,6.69776,6.69868,0
2022-07-04,81050795,"IDEALPRO","USD.CNH",0,6.69776,6.69868,0
2022-07-04,81051239,"IDEALPRO","USD.CNH",0,6.69785,6.69865,0
2022-07-04,81056999,"IDEALPRO","USD.CNH",0,6.69816,6.69896,0
2022-07-04,81057000,"IDEALPRO","USD.CNH",0,6.69817,6.69897,0
2022-07-04,81102891,"IDEALPRO","USD.CNH",0,6.69812,6.69898,0
2022-07-04,81108909,"IDEALPRO","USD.CNH",0,6.69789,6.6987,0
2022-07-04,81109131,"IDEALPRO","USD.CNH",0,6.69786,6.6987,0
2022-07-04,81110500,"IDEALPRO","USD.CNH",0,6.69792,6.6987,0
2022-07-04,81111186,"IDEALPRO","USD.CNH",0,6.69793,6.6987,0
2022-07-04,81112791,"IDEALPRO","USD.CNH",0,6.69795,6.6987,0
2022-07-04,81113234,"IDEALPRO","USD.CNH",0,6.69801,6.69875,0
2022-07-04,81114564,"IDEALPRO","USD.CNH",0,6.69794,6.69875,0
2022-07-04,81116577,"IDEALPRO","USD.CNH",0,6.69794,6.6988,0
2022-07-04,81120248,"IDEALPRO","USD.CNH",0,6.69802,6.6988,0
2022-07-04,81121135,"IDEALPRO","USD.CNH",0,6.69798,6.6988,0
2022-07-04,81123796,"IDEALPRO","USD.CNH",0,6.69798,6.6988,0
2022-07-04,81127785,"IDEALPRO","USD.CNH",0,6.69794,6.6988,0
2022-07-04,81136853,"IDEALPRO","USD.CNH",0,6.69796,6.6988,0
2022-07-04,81140234,"IDEALPRO","USD.CNH",0,6.69803,6.6988,0
2022-07-04,81141786,"IDEALPRO","USD.CNH",0,6.69806,6.6988,0
2022-07-04,81151869,"IDEALPRO","USD.CNH",0,6.69806,6.6988,0
2022-07-04,81156632,"IDEALPRO","USD.CNH",0,6.69807,6.6988,0
2022-07-04,81157860,"IDEALPRO","USD.CNH",0,6.69806,6.6988,0
2022-07-04,81159831,"IDEALPRO","USD.CNH",0,6.69805,6.6988,0
2022-07-04,81200274,"IDEALPRO","USD.CNH",0,6.69806,6.6988,0
2022-07-04,81202568,"IDEALPRO","USD.CNH",0,6.69806,6.6988,0
2022-07-04,81203676,"IDEALPRO","USD.CNH",0,6.69808,6.69884,0
2022-07-04,81206337,"IDEALPRO","USD.CNH",0,6.69809,6.69884,0
2022-07-04,81211971,"IDEALPRO","USD.CNH",0,6.69811,6.69884,0
2022-07-04,81212930,"IDEALPRO","USD.CNH",0,6.6981,6.69884,0
2022-07-04,81213374,"IDEALPRO","USD.CNH",0,6.69809,6.69884,0
2022-07-04,81218308,"IDEALPRO","USD.CNH",0,6.69805,6.69885,0
2022-07-04,81220248,"IDEALPRO","USD.CNH",0,6.69806,6.69885,0
2022-07-04,81222688,"IDEALPRO","USD.CNH",0,6.69806,6.69882,0
2022-07-04,81227792,"IDEALPRO","USD.CNH",0,6.69811,6.69885,0
2022-07-04,81228236,"IDEALPRO","USD.CNH",0,6.69812,6.69885,0
2022-07-04,81230367,"IDEALPRO","USD.CNH",0,6.69813,6.69885,0
2022-07-04,81231918,"IDEALPRO","USD.CNH",0,6.69812,6.69885,0
2022-07-04,81232140,"IDEALPRO","USD.CNH",0,6.69813,6.69885,0
2022-07-04,81233327,"IDEALPRO","USD.CNH",0,6.69812,6.69885,0
2022-07-04,81235452,"IDEALPRO","USD.CNH",0,6.69813,6.69885,0
2022-07-04,81236340,"IDEALPRO","USD.CNH",0,6.69812,6.69885,0
2022-07-04,81237735,"IDEALPRO","USD.CNH",0,6.69812,6.69885,0
2022-07-04,81238758,"IDEALPRO","USD.CNH",0,6.69802,6.69883,0
2022-07-04,81239424,"IDEALPRO","USD.CNH",0,6.69798,6.69883,0
2022-07-04,81241677,"IDEALPRO","USD.CNH",0,6.69801,6.69885,0
2022-07-04,81242563,"IDEALPRO","USD.CNH",0,6.69798,6.69885,0
2022-07-04,81244780,"IDEALPRO","USD.CNH",0,6.69798,6.69885,0
2022-07-04,81245003,"IDEALPRO","USD.CNH",0,6.69797,6.69885,0
2022-07-04,81250769,"IDEALPRO","USD.CNH",0,6.69797,6.69886,0
2022-07-04,81256920,"IDEALPRO","USD.CNH",0,6.69796,6.69884,0
2022-07-04,81258915,"IDEALPRO","USD.CNH",0,6.69795,6.69884,0
2022-07-04,81259620,"IDEALPRO","USD.CNH",0,6.69795,6.69884,0
2022-07-04,81302502,"IDEALPRO","USD.CNH",0,6.69797,6.69884,0
2022-07-04,81303389,"IDEALPRO","USD.CNH",0,6.69797,6.69879,0
2022-07-04,81306759,"IDEALPRO","USD.CNH",0,6.69788,6.69879,0
2022-07-04,81307423,"IDEALPRO","USD.CNH",0,6.69785,6.69877,0
2022-07-04,81308089,"IDEALPRO","USD.CNH",0,6.69785,6.69875,0
2022-07-04,81311896,"IDEALPRO","USD.CNH",0,6.69785,6.69874,0
2022-07-04,81318576,"IDEALPRO","USD.CNH",0,6.69786,6.69879,0
2022-07-04,81320249,"IDEALPRO","USD.CNH",0,6.69786,6.69879,0
2022-07-04,81322022,"IDEALPRO","USD.CNH",0,6.6978,6.69884,0
2022-07-04,81323796,"IDEALPRO","USD.CNH",0,6.69784,6.69884,0
2022-07-04,81324460,"IDEALPRO","USD.CNH",0,6.6978,6.69887,0
2022-07-04,81326678,"IDEALPRO","USD.CNH",0,6.6978,6.69887,0
2022-07-04,81329856,"IDEALPRO","USD.CNH",0,6.69781,6.69887,0
2022-07-04,81330891,"IDEALPRO","USD.CNH",0,6.69782,6.69888,0
2022-07-04,81332664,"IDEALPRO","USD.CNH",0,6.69782,6.69888,0
2022-07-04,81333995,"IDEALPRO","USD.CNH",0,6.69779,6.69883,0
2022-07-04,81335546,"IDEALPRO","USD.CNH",0,6.69784,6.69883,0
2022-07-04,81336655,"IDEALPRO","USD.CNH",0,6.69777,6.69883,0
2022-07-04,81337097,"IDEALPRO","USD.CNH",0,6.69777,6.69883,0
2022-07-04,81338666,"IDEALPRO","USD.CNH",0,6.69776,6.69883,0
2022-07-04,81341841,"IDEALPRO","USD.CNH",0,6.69776,6.69882,0
2022-07-04,81343903,"IDEALPRO","USD.CNH",0,6.69778,6.69882,0
2022-07-04,81344790,"IDEALPRO","USD.CNH",0,6.69787,6.69882,0
2022-07-04,81345455,"IDEALPRO","USD.CNH",0,6.69784,6.69885,0
2022-07-04,81347769,"IDEALPRO","USD.CNH",0,6.69784,6.69885,0
2022-07-04,81348212,"IDEALPRO","USD.CNH",0,6.69785,6.69885,0
2022-07-04,81351493,"IDEALPRO","USD.CNH",0,6.69777,6.69874,0
2022-07-04,81353641,"IDEALPRO","USD.CNH",0,6.6977,6.6987,0
2022-07-04,81354084,"IDEALPRO","USD.CNH",0,6.69769,6.6987,0
2022-07-04,81355413,"IDEALPRO","USD.CNH",0,6.69768,6.6987,0
2022-07-04,81359940,"IDEALPRO","USD.CNH",0,6.69768,6.6987,0
2022-07-04,81400383,"IDEALPRO","USD.CNH",0,6.69767,6.6987,0
2022-07-04,81401492,"IDEALPRO","USD.CNH",0,6.69767,6.6987,0
2022-07-04,81402602,"IDEALPRO","USD.CNH",0,6.69794,6.69863,0
2022-07-04,81403266,"IDEALPRO","USD.CNH",0,6.69789,6.69861,0
2022-07-04,81405482,"IDEALPRO","USD.CNH",0,6.69793,6.69865,0
2022-07-04,81411951,"IDEALPRO","USD.CNH",0,6.69789,6.69861,0
2022-07-04,81412395,"IDEALPRO","USD.CNH",0,6.69793,6.69865,0
2022-07-04,81413724,"IDEALPRO","USD.CNH",0,6.69789,6.69861,0
2022-07-04,81414390,"IDEALPRO","USD.CNH",0,6.69793,6.69865,0
2022-07-04,81415498,"IDEALPRO","USD.CNH",0,6.69789,6.69861,0
2022-07-04,81416386,"IDEALPRO","USD.CNH",0,6.69793,6.69865,0
2022-07-04,81420452,"IDEALPRO","USD.CNH",0,6.69797,6.69866,0
2022-07-04,81421560,"IDEALPRO","USD.CNH",0,6.69793,6.69865,0
2022-07-04,81422887,"IDEALPRO","USD.CNH",0,6.69797,6.69866,0
2022-07-04,81423780,"IDEALPRO","USD.CNH",0,6.69793,6.69865,0
2022-07-04,81424224,"IDEALPRO","USD.CNH",0,6.69797,6.69866,0
2022-07-04,81427869,"IDEALPRO","USD.CNH",0,6.69789,6.69861,0
2022-07-04,81428754,"IDEALPRO","USD.CNH",0,6.69797,6.69866,0
2022-07-04,81431961,"IDEALPRO","USD.CNH",0,6.69789,6.69861,0
2022-07-04,81432919,"IDEALPRO","USD.CNH",0,6.69797,6.69866,0
2022-07-04,81434916,"IDEALPRO","USD.CNH",0,6.69797,6.69866,0
2022-07-04,81437575,"IDEALPRO","USD.CNH",0,6.69789,6.69861,0
2022-07-04,81438990,"IDEALPRO","USD.CNH",0,6.69789,6.69861,0
2022-07-04,81439434,"IDEALPRO","USD.CNH",0,6.69797,6.69866,0
2022-07-04,81440803,"IDEALPRO","USD.CNH",0,6.69789,6.69861,0
2022-07-04,81441912,"IDEALPRO","USD.CNH",0,6.69793,6.69865,0
2022-07-04,81442577,"IDEALPRO","USD.CNH",0,6.69793,6.69864,0
2022-07-04,81445681,"IDEALPRO","USD.CNH",0,6.69788,6.69858,0
2022-07-04,81446568,"IDEALPRO","USD.CNH",0,6.69793,6.69864,0
2022-07-04,81447896,"IDEALPRO","USD.CNH",0,6.69788,6.69858,0
2022-07-04,81448339,"IDEALPRO","USD.CNH",0,6.69793,6.69864,0
2022-07-04,81455731,"IDEALPRO","USD.CNH",0,6.69786,6.69858,0
2022-07-04,81456840,"IDEALPRO","USD.CNH",0,6.69793,6.69864,0
2022-07-04,81457947,"IDEALPRO","USD.CNH",0,6.69789,6.69861,0
2022-07-04,81458835,"IDEALPRO","USD.CNH",0,6.6979,6.69861,0
2022-07-04,81459760,"IDEALPRO","USD.CNH",0,6.69793,6.69863,0
2022-07-04,81501978,"IDEALPRO","USD.CNH",0,6.6979,6.69862,0
2022-07-04,81502866,"IDEALPRO","USD.CNH",0,6.6972,6.69798,0
2022-07-04,81503753,"IDEALPRO","USD.CNH",0,6.69714,6.69774,0
2022-07-04,81504639,"IDEALPRO","USD.CNH",0,6.69714,6.69804,0
2022-07-04,81505526,"IDEALPRO","USD.CNH",0,6.69714,6.69802,0
2022-07-04,81506857,"IDEALPRO","USD.CNH",0,6.69718,6.69809,0
2022-07-04,81507521,"IDEALPRO","USD.CNH",0,6.69718,6.6981,0
2022-07-04,81508631,"IDEALPRO","USD.CNH",0,6.69718,6.69796,0
2022-07-04,81509779,"IDEALPRO","USD.CNH",0,6.69718,6.698,0
2022-07-04,81511775,"IDEALPRO","USD.CNH",0,6.69718,6.69809,0
2022-07-04,81513847,"IDEALPRO","USD.CNH",0,6.69733,6.69817,0
2022-07-04,81514511,"IDEALPRO","USD.CNH",0,6.69737,6.69792,0
2022-07-04,81515397,"IDEALPRO","USD.CNH",0,6.69737,6.69794,0
2022-07-04,81516950,"IDEALPRO","USD.CNH",0,6.69736,6.69796,0
2022-07-04,81517836,"IDEALPRO","USD.CNH",0,6.69737,6.69796,0
2022-07-04,81518501,"IDEALPRO","USD.CNH",0,6.69735,6.69796,0
2022-07-04,81520468,"IDEALPRO","USD.CNH",0,6.69735,6.69797,0
2022-07-04,81521798,"IDEALPRO","USD.CNH",0,6.69738,6.69814,0
2022-07-04,81522906,"IDEALPRO","USD.CNH",0,6.69748,6.69827,0
2022-07-04,81526897,"IDEALPRO","USD.CNH",0,6.69682,6.6975,0
2022-07-04,81528492,"IDEALPRO","USD.CNH",0,6.69679,6.6975,0
2022-07-04,81529861,"IDEALPRO","USD.CNH",0,6.69679,6.6975,0
2022-07-04,81530746,"IDEALPRO","USD.CNH",0,6.6969,6.69757,0
2022-07-04,81532517,"IDEALPRO","USD.CNH",0,6.6969,6.69757,0
2022-07-04,81536507,"IDEALPRO","USD.CNH",0,6.69697,6.69757,0
2022-07-04,81542182,"IDEALPRO","USD.CNH",0,6.69697,6.69758,0
2022-07-04,81555447,"IDEALPRO","USD.CNH",0,6.69736,6.69798,0
2022-07-04,81557220,"IDEALPRO","USD.CNH",0,6.6973,6.69794,0
2022-07-04,81558994,"IDEALPRO","USD.CNH",0,6.69698,6.69768,0
2022-07-04,81559438,"IDEALPRO","USD.CNH",0,6.69699,6.69768,0
2022-07-04,81600807,"IDEALPRO","USD.CNH",0,6.69699,6.69773,0
2022-07-04,81601694,"IDEALPRO","USD.CNH",0,6.69688,6.69747,0
2022-07-04,81606349,"IDEALPRO","USD.CNH",0,6.69687,6.69743,0
2022-07-04,81609453,"IDEALPRO","USD.CNH",0,6.69668,6.69741,0
2022-07-04,81611722,"IDEALPRO","USD.CNH",0,6.69667,6.69741,0
2022-07-04,81612611,"IDEALPRO","USD.CNH",0,6.69667,6.69741,0
2022-07-04,81613719,"IDEALPRO","USD.CNH",0,6.69667,6.69735,0
2022-07-04,81614606,"IDEALPRO","USD.CNH",0,6.69667,6.69741,0
2022-07-04,81615869,"IDEALPRO","USD.CNH",0,6.69665,6.69741,0
2022-07-04,81616592,"IDEALPRO","USD.CNH",0,6.69665,6.69741,0
2022-07-04,81617923,"IDEALPRO","USD.CNH",0,6.69665,6.69741,0
2022-07-04,81618588,"IDEALPRO","USD.CNH",0,6.69664,6.69741,0
2022-07-04,81619805,"IDEALPRO","USD.CNH",0,6.69664,6.69741,0
2022-07-04,81620691,"IDEALPRO","USD.CNH",0,6.69665,6.69741,0
2022-07-04,81621799,"IDEALPRO","USD.CNH",0,6.69665,6.69741,0
2022-07-04,81622021,"IDEALPRO","USD.CNH",0,6.69665,6.69741,0
2022-07-04,81624683,"IDEALPRO","USD.CNH",0,6.69665,6.69741,0
2022-07-04,81625347,"IDEALPRO","USD.CNH",0,6.69664,6.69741,0
2022-07-04,81626677,"IDEALPRO","USD.CNH",0,6.69664,6.69741,0
2022-07-04,81627784,"IDEALPRO","USD.CNH",0,6.69664,6.69735,0
2022-07-04,81628007,"IDEALPRO","USD.CNH",0,6.69665,6.69735,0
2022-07-04,81629598,"IDEALPRO","USD.CNH",0,6.69665,6.69741,0
2022-07-04,81630042,"IDEALPRO","USD.CNH",0,6.69665,6.69735,0
2022-07-04,81631815,"IDEALPRO","USD.CNH",0,6.69663,6.69735,0
2022-07-04,81636248,"IDEALPRO","USD.CNH",0,6.69661,6.69735,0
2022-07-04,81638464,"IDEALPRO","USD.CNH",0,6.6966,6.69735,0
2022-07-04,81640318,"IDEALPRO","USD.CNH",0,6.69654,6.69735,0
2022-07-04,81711859,"IDEALPRO","USD.CNH",0,6.6966,6.69735,0
2022-07-04,81713189,"IDEALPRO","USD.CNH",0,6.6966,6.69735,0
2022-07-04,81717622,"IDEALPRO","USD.CNH",0,6.69658,6.69735,0
2022-07-04,81726691,"IDEALPRO","USD.CNH",0,6.69691,6.69747,0
2022-07-04,81731345,"IDEALPRO","USD.CNH",0,6.69687,6.69758,0
2022-07-04,81732674,"IDEALPRO","USD.CNH",0,6.69691,6.69762,0
2022-07-04,81733784,"IDEALPRO","USD.CNH",0,6.69738,6.69785,0
2022-07-04,81734449,"IDEALPRO","USD.CNH",0,6.69738,6.6978,0
2022-07-04,81736887,"IDEALPRO","USD.CNH",0,6.69732,6.69785,0
2022-07-04,81737553,"IDEALPRO","USD.CNH",0,6.6973,6.69789,0
2022-07-04,81740694,"IDEALPRO","USD.CNH",0,6.6973,6.69792,0
2022-07-04,81741358,"IDEALPRO","USD.CNH",0,6.6973,6.69777,0
2022-07-04,81750932,"IDEALPRO","USD.CNH",0,6.6972,6.69762,0
2022-07-04,81751818,"IDEALPRO","USD.CNH",0,6.6968,6.69749,0
2022-07-04,81752705,"IDEALPRO","USD.CNH",0,6.69665,6.69726,0
2022-07-04,81755587,"IDEALPRO","USD.CNH",0,6.69679,6.69746,0
2022-07-04,81756917,"IDEALPRO","USD.CNH",0,6.69686,6.69773,0
2022-07-04,81757897,"IDEALPRO","USD.CNH",0,6.69682,6.69757,0
2022-07-04,81759625,"IDEALPRO","USD.CNH",0,6.69691,6.69757,0
2022-07-04,81802950,"IDEALPRO","USD.CNH",0,6.69724,6.69775,0
2022-07-04,81803837,"IDEALPRO","USD.CNH",0,6.69693,6.69773,0
2022-07-04,81804946,"IDEALPRO","USD.CNH",0,6.69695,6.69773,0
2022-07-04,81806941,"IDEALPRO","USD.CNH",0,6.69662,6.69743,0
2022-07-04,81808273,"IDEALPRO","USD.CNH",0,6.69661,6.69743,0
2022-07-04,81809863,"IDEALPRO","USD.CNH",0,6.69655,6.69743,0
2022-07-04,81810750,"IDEALPRO","USD.CNH",0,6.69655,6.6974,0
2022-07-04,81811860,"IDEALPRO","USD.CNH",0,6.69655,6.6974,0
2022-07-04,81815184,"IDEALPRO","USD.CNH",0,6.69655,6.69735,0
2022-07-04,81816781,"IDEALPRO","USD.CNH",0,6.69655,6.69738,0
2022-07-04,81820914,"IDEALPRO","USD.CNH",0,6.6965,6.69731,0
2022-07-04,81821136,"IDEALPRO","USD.CNH",0,6.6965,6.69731,0
2022-07-04,81822908,"IDEALPRO","USD.CNH",0,6.69649,6.69731,0
2022-07-04,81823130,"IDEALPRO","USD.CNH",0,6.69649,6.69731,0
2022-07-04,81826687,"IDEALPRO","USD.CNH",0,6.69654,6.69728,0
2022-07-04,81830494,"IDEALPRO","USD.CNH",0,6.69636,6.69719,0
2022-07-04,81831602,"IDEALPRO","USD.CNH",0,6.69637,6.69719,0
2022-07-04,81832933,"IDEALPRO","USD.CNH",0,6.6961,6.69688,0
2022-07-04,81835371,"IDEALPRO","USD.CNH",0,6.69637,6.69687,0
2022-07-04,81836701,"IDEALPRO","USD.CNH",0,6.69637,6.69683,0
2022-07-04,81837810,"IDEALPRO","USD.CNH",0,6.69638,6.69685,0
2022-07-04,81838919,"IDEALPRO","USD.CNH",0,6.69637,6.69685,0
2022-07-04,81845302,"IDEALPRO","USD.CNH",0,6.69646,6.69682,0
2022-07-04,81846098,"IDEALPRO","USD.CNH",0,6.69657,6.69692,0
2022-07-04,81848065,"IDEALPRO","USD.CNH",0,6.69657,6.69697,0
2022-07-04,81850005,"IDEALPRO","USD.CNH",0,6.6966,6.69697,0
2022-07-04,81851570,"IDEALPRO","USD.CNH",0,6.69668,6.69713,0
2022-07-04,81852677,"IDEALPRO","USD.CNH",0,6.69675,6.69713,0
2022-07-04,81855616,"IDEALPRO","USD.CNH",0,6.69675,6.69713,0
2022-07-04,81900252,"IDEALPRO","USD.CNH",0,6.69675,6.69716,0
2022-07-04,81904908,"IDEALPRO","USD.CNH",0,6.69675,6.69713,0
2022-07-04,81911597,"IDEALPRO","USD.CNH",0,6.6964,6.69677,0
2022-07-04,81914076,"IDEALPRO","USD.CNH",0,6.69654,6.69679,0
2022-07-04,81919546,"IDEALPRO","USD.CNH",0,6.6968,6.69706,0
2022-07-04,81924009,"IDEALPRO","USD.CNH",0,6.69679,6.69706,0
2022-07-04,81925890,"IDEALPRO","USD.CNH",0,6.69677,6.69706,0
2022-07-04,81926775,"IDEALPRO","USD.CNH",0,6.69677,6.69704,0
2022-07-04,81934678,"IDEALPRO","USD.CNH",0,6.69677,6.697,0
2022-07-04,81936008,"IDEALPRO","USD.CNH",0,6.69676,6.697,0
2022-07-04,81940923,"IDEALPRO","USD.CNH",0,6.69676,6.697,0
2022-07-04,81941588,"IDEALPRO","USD.CNH",0,6.69675,6.697,0
2022-07-04,81952676,"IDEALPRO","USD.CNH",0,6.69675,6.69699,0
2022-07-04,81953563,"IDEALPRO","USD.CNH",0,6.69627,6.6965,0
2022-07-04,82001054,"IDEALPRO","USD.CNH",0,6.69623,6.6965,0
2022-07-04,82003935,"IDEALPRO","USD.CNH",0,6.69623,6.6965,0
2022-07-04,82004822,"IDEALPRO","USD.CNH",0,6.69616,6.69646,0
2022-07-04,82005325,"IDEALPRO","USD.CNH",0,6.69613,6.69646,0
2022-07-04,82010472,"IDEALPRO","USD.CNH",0,6.69604,6.69641,0
2022-07-04,82013731,"IDEALPRO","USD.CNH",0,6.69604,6.69644,0
2022-07-04,82016174,"IDEALPRO","USD.CNH",0,6.69603,6.69644,0
2022-07-04,82019783,"IDEALPRO","USD.CNH",0,6.69613,6.69644,0
2022-07-04,82020930,"IDEALPRO","USD.CNH",0,6.69625,6.69666,0
2022-07-04,82021374,"IDEALPRO","USD.CNH",0,6.69621,6.69664,0
2022-07-04,82023147,"IDEALPRO","USD.CNH",0,6.6962,6.69664,0
2022-07-04,82024486,"IDEALPRO","USD.CNH",0,6.69619,6.69661,0
2022-07-04,82028107,"IDEALPRO","USD.CNH",0,6.69621,6.69661,0
2022-07-04,82037733,"IDEALPRO","USD.CNH",0,6.69619,6.69661,0
2022-07-04,82041705,"IDEALPRO","USD.CNH",0,6.69618,6.69661,0
2022-07-04,82043036,"IDEALPRO","USD.CNH",0,6.69623,6.69661,0
2022-07-04,82047911,"IDEALPRO","USD.CNH",0,6.69627,6.69669,0
2022-07-04,82049723,"IDEALPRO","USD.CNH",0,6.69629,6.6967,0
2022-07-04,82051319,"IDEALPRO","USD.CNH",0,6.69627,6.6967,0
2022-07-04,82053223,"IDEALPRO","USD.CNH",0,6.69627,6.6967,0
2022-07-04,82055661,"IDEALPRO","USD.CNH",0,6.69633,6.6967,0
2022-07-04,82057435,"IDEALPRO","USD.CNH",0,6.69635,6.69674,0
2022-07-04,82058766,"IDEALPRO","USD.CNH",0,6.69733,6.69786,0
2022-07-04,82100593,"IDEALPRO","USD.CNH",0,6.69731,6.69785,0
2022-07-04,82101923,"IDEALPRO","USD.CNH",0,6.6973,6.69785,0
2022-07-04,82102811,"IDEALPRO","USD.CNH",0,6.69718,6.69767,0
2022-07-04,82103254,"IDEALPRO","USD.CNH",0,6.69715,6.69767,0
2022-07-04,82105919,"IDEALPRO","USD.CNH",0,6.69715,6.69768,0
2022-07-04,82112170,"IDEALPRO","USD.CNH",0,6.69719,6.69769,0
2022-07-04,82113279,"IDEALPRO","USD.CNH",0,6.69719,6.69771,0
2022-07-04,82115940,"IDEALPRO","USD.CNH",0,6.69724,6.69775,0
2022-07-04,82116606,"IDEALPRO","USD.CNH",0,6.69724,6.69775,0
2022-07-04,82117715,"IDEALPRO","USD.CNH",0,6.69722,6.69775,0
2022-07-04,82118823,"IDEALPRO","USD.CNH",0,6.69724,6.69776,0
2022-07-04,82119711,"IDEALPRO","USD.CNH",0,6.69718,6.69776,0
2022-07-04,82120598,"IDEALPRO","USD.CNH",0,6.69724,6.69776,0
2022-07-04,82121928,"IDEALPRO","USD.CNH",0,6.69715,6.69777,0
2022-07-04,82123703,"IDEALPRO","USD.CNH",0,6.69703,6.69765,0
2022-07-04,82124590,"IDEALPRO","USD.CNH",0,6.69703,6.69765,0
2022-07-04,82126364,"IDEALPRO","USD.CNH",0,6.69702,6.69749,0
2022-07-04,82143122,"IDEALPRO","USD.CNH",0,6.69706,6.69749,0
2022-07-04,82148887,"IDEALPRO","USD.CNH",0,6.69719,6.69751,0
2022-07-04,82149552,"IDEALPRO","USD.CNH",0,6.69721,6.69761,0
2022-07-04,82152474,"IDEALPRO","USD.CNH",0,6.69722,6.69761,0
2022-07-04,82156585,"IDEALPRO","USD.CNH",0,6.6973,6.69764,0
2022-07-04,82157028,"IDEALPRO","USD.CNH",0,6.69732,6.69763,0
2022-07-04,82159275,"IDEALPRO","USD.CNH",0,6.69731,6.69763,0
2022-07-04,82202860,"IDEALPRO","USD.CNH",0,6.69718,6.69759,0
2022-07-04,82203525,"IDEALPRO","USD.CNH",0,6.6971,6.69759,0
2022-07-04,82208250,"IDEALPRO","USD.CNH",0,6.69702,6.69759,0
2022-07-04,82211616,"IDEALPRO","USD.CNH",0,6.69699,6.69758,0
2022-07-04,82212944,"IDEALPRO","USD.CNH",0,6.69688,6.69749,0
2022-07-04,82213387,"IDEALPRO","USD.CNH",0,6.69688,6.69741,0
2022-07-04,82214053,"IDEALPRO","USD.CNH",0,6.69688,6.69746,0
2022-07-04,82217374,"IDEALPRO","USD.CNH",0,6.69685,6.69746,0
2022-07-04,82223638,"IDEALPRO","USD.CNH",0,6.69714,6.6975,0
2022-07-04,82224746,"IDEALPRO","USD.CNH",0,6.69734,6.69769,0
2022-07-04,82225411,"IDEALPRO","USD.CNH",0,6.69727,6.69769,0
2022-07-04,82235645,"IDEALPRO","USD.CNH",0,6.69722,6.69769,0
2022-07-04,82236755,"IDEALPRO","USD.CNH",0,6.69722,6.69769,0
2022-07-04,82237876,"IDEALPRO","USD.CNH",0,6.69714,6.69748,0
2022-07-04,82238984,"IDEALPRO","USD.CNH",0,6.69671,6.69736,0
2022-07-04,82242570,"IDEALPRO","USD.CNH",0,6.69676,6.69736,0
2022-07-04,82254802,"IDEALPRO","USD.CNH",0,6.69679,6.69736,0
2022-07-04,82255024,"IDEALPRO","USD.CNH",0,6.69669,6.69736,0
2022-07-04,82302909,"IDEALPRO","USD.CNH",0,6.69669,6.69723,0
2022-07-04,82303794,"IDEALPRO","USD.CNH",0,6.69665,6.69722,0
2022-07-04,82304239,"IDEALPRO","USD.CNH",0,6.69663,6.69722,0
2022-07-04,82320691,"IDEALPRO","USD.CNH",0,6.69664,6.69722,0
2022-07-04,82333480,"IDEALPRO","USD.CNH",0,6.69668,6.69725,0
2022-07-04,82334588,"IDEALPRO","USD.CNH",0,6.69664,6.69725,0
2022-07-04,82336583,"IDEALPRO","USD.CNH",0,6.69668,6.69725,0
2022-07-04,82337469,"IDEALPRO","USD.CNH",0,6.69664,6.69725,0
2022-07-04,82339734,"IDEALPRO","USD.CNH",0,6.69662,6.69725,0
2022-07-04,82348913,"IDEALPRO","USD.CNH",0,6.69661,6.69725,0
2022-07-04,82349839,"IDEALPRO","USD.CNH",0,6.6967,6.6973,0
2022-07-04,82350724,"IDEALPRO","USD.CNH",0,6.69682,6.69742,0
2022-07-04,82357546,"IDEALPRO","USD.CNH",0,6.69686,6.69742,0
2022-07-04,82401632,"IDEALPRO","USD.CNH",0,6.69678,6.69742,0
2022-07-04,82402740,"IDEALPRO","USD.CNH",0,6.69686,6.69742,0
2022-07-04,82412840,"IDEALPRO","USD.CNH",0,6.69687,6.69753,0
2022-07-04,82413062,"IDEALPRO","USD.CNH",0,6.6969,6.69753,0
2022-07-04,82415500,"IDEALPRO","USD.CNH",0,6.6969,6.69753,0
2022-07-04,82417496,"IDEALPRO","USD.CNH",0,6.69684,6.69743,0
2022-07-04,82418161,"IDEALPRO","USD.CNH",0,6.69686,6.69743,0
2022-07-04,82423479,"IDEALPRO","USD.CNH",0,6.69715,6.69765,0
2022-07-04,82430780,"IDEALPRO","USD.CNH",0,6.69717,6.69765,0
2022-07-04,82431224,"IDEALPRO","USD.CNH",0,6.69718,6.69765,0
2022-07-04,82436971,"IDEALPRO","USD.CNH",0,6.69738,6.69783,0
2022-07-04,82437637,"IDEALPRO","USD.CNH",0,6.69734,6.69776,0
2022-07-04,82442810,"IDEALPRO","USD.CNH",0,6.69742,6.69776,0
2022-07-04,82444362,"IDEALPRO","USD.CNH",0,6.69738,6.69784,0
2022-07-04,82445913,"IDEALPRO","USD.CNH",0,6.69745,6.69784,0
2022-07-04,82446356,"IDEALPRO","USD.CNH",0,6.69742,6.69784,0
2022-07-04,82447744,"IDEALPRO","USD.CNH",0,6.69738,6.69784,0
2022-07-04,82449827,"IDEALPRO","USD.CNH",0,6.69742,6.69784,0
2022-07-04,82500709,"IDEALPRO","USD.CNH",0,6.69745,6.69786,0
2022-07-04,82513926,"IDEALPRO","USD.CNH",0,6.69742,6.69786,0
2022-07-04,82519807,"IDEALPRO","USD.CNH",0,6.69738,6.69786,0
2022-07-04,82526911,"IDEALPRO","USD.CNH",0,6.69742,6.69786,0
2022-07-04,82553470,"IDEALPRO","USD.CNH",0,6.69738,6.69786,0
2022-07-04,82600499,"IDEALPRO","USD.CNH",0,6.69734,6.69786,0
2022-07-04,82612967,"IDEALPRO","USD.CNH",0,6.69738,6.69786,0
2022-07-04,82615924,"IDEALPRO","USD.CNH",0,6.69738,6.69786,0
2022-07-04,82616367,"IDEALPRO","USD.CNH",0,6.69742,6.69786,0
2022-07-04,82618583,"IDEALPRO","USD.CNH",0,6.69738,6.69786,0
2022-07-04,82642886,"IDEALPRO","USD.CNH",0,6.69734,6.69786,0
2022-07-04,82711127,"IDEALPRO","USD.CNH",0,6.6974,6.69786,0
2022-07-04,82742011,"IDEALPRO","USD.CNH",0,6.69738,6.69786,0
2022-07-04,82744812,"IDEALPRO","USD.CNH",0,6.6974,6.69788,0
2022-07-04,82750648,"IDEALPRO","USD.CNH",0,6.6974,6.69789,0
2022-07-04,82818819,"IDEALPRO","USD.CNH",0,6.69715,6.69764,0
2022-07-04,82819261,"IDEALPRO","USD.CNH",0,6.69706,6.69761,0
2022-07-04,82826846,"IDEALPRO","USD.CNH",0,6.6969,6.69728,0
2022-07-04,82827954,"IDEALPRO","USD.CNH",0,6.69692,6.69728,0
2022-07-04,82831806,"IDEALPRO","USD.CNH",0,6.69692,6.69732,0
2022-07-04,82833768,"IDEALPRO","USD.CNH",0,6.69692,6.69739,0
2022-07-04,82834656,"IDEALPRO","USD.CNH",0,6.69698,6.69739,0
2022-07-04,82836016,"IDEALPRO","USD.CNH",0,6.69692,6.69739,0
2022-07-04,82837611,"IDEALPRO","USD.CNH",0,6.69692,6.69736,0
2022-07-04,82839843,"IDEALPRO","USD.CNH",0,6.69693,6.69735,0
2022-07-04,82840991,"IDEALPRO","USD.CNH",0,6.69693,6.69738,0
2022-07-04,82846591,"IDEALPRO","USD.CNH",0,6.69693,6.6974,0
2022-07-04,82855573,"IDEALPRO","USD.CNH",0,6.69677,6.69736,0
2022-07-04,82856902,"IDEALPRO","USD.CNH",0,6.6968,6.69729,0
2022-07-04,82858674,"IDEALPRO","USD.CNH",0,6.69683,6.69729,0
2022-07-04,82901596,"IDEALPRO","USD.CNH",0,6.69703,6.69749,0
2022-07-04,82902926,"IDEALPRO","USD.CNH",0,6.69697,6.69749,0
2022-07-04,82903369,"IDEALPRO","USD.CNH",0,6.69691,6.69749,0
2022-07-04,82907581,"IDEALPRO","USD.CNH",0,6.69691,6.69746,0
2022-07-04,82916943,"IDEALPRO","USD.CNH",0,6.69691,6.69744,0
2022-07-04,82920253,"IDEALPRO","USD.CNH",0,6.69691,6.69749,0
2022-07-04,82921804,"IDEALPRO","USD.CNH",0,6.69703,6.69749,0
2022-07-04,82925571,"IDEALPRO","USD.CNH",0,6.69695,6.69749,0
2022-07-04,82926237,"IDEALPRO","USD.CNH",0,6.69693,6.69749,0
2022-07-04,82931785,"IDEALPRO","USD.CNH",0,6.69696,6.69741,0
2022-07-04,82932893,"IDEALPRO","USD.CNH",0,6.69695,6.69747,0
2022-07-04,82939548,"IDEALPRO","USD.CNH",0,6.69695,6.69747,0
2022-07-04,82941725,"IDEALPRO","USD.CNH",0,6.69695,6.69747,0
2022-07-04,82943566,"IDEALPRO","USD.CNH",0,6.69695,6.69744,0
2022-07-04,82959337,"IDEALPRO","USD.CNH",0,6.69695,6.69747,0
2022-07-04,83000929,"IDEALPRO","USD.CNH",0,6.69686,6.69739,0
2022-07-04,83002703,"IDEALPRO","USD.CNH",0,6.6969,6.69739,0
2022-07-04,83003810,"IDEALPRO","USD.CNH",0,6.69695,6.69739,0
2022-07-04,83004697,"IDEALPRO","USD.CNH",0,6.69685,6.69739,0
2022-07-04,83005805,"IDEALPRO","USD.CNH",0,6.69681,6.69735,0
2022-07-04,83006690,"IDEALPRO","USD.CNH",0,6.69679,6.69735,0
2022-07-04,83007799,"IDEALPRO","USD.CNH",0,6.69679,6.69735,0
2022-07-04,83008907,"IDEALPRO","USD.CNH",0,6.69679,6.69735,0
2022-07-04,83010278,"IDEALPRO","USD.CNH",0,6.69681,6.69735,0
2022-07-04,83011387,"IDEALPRO","USD.CNH",0,6.69679,6.69735,0
2022-07-04,83012495,"IDEALPRO","USD.CNH",0,6.69681,6.69735,0
2022-07-04,83013382,"IDEALPRO","USD.CNH",0,6.69685,6.69735,0
2022-07-04,83014934,"IDEALPRO","USD.CNH",0,6.69679,6.69735,0
2022-07-04,83015377,"IDEALPRO","USD.CNH",0,6.69689,6.69735,0
2022-07-04,83019807,"IDEALPRO","USD.CNH",0,6.69664,6.69722,0
2022-07-04,83020029,"IDEALPRO","USD.CNH",0,6.69657,6.69722,0
2022-07-04,83021581,"IDEALPRO","USD.CNH",0,6.69655,6.69722,0
2022-07-04,83024685,"IDEALPRO","USD.CNH",0,6.69653,6.69728,0
2022-07-04,83025128,"IDEALPRO","USD.CNH",0,6.69657,6.69728,0
2022-07-04,83040948,"IDEALPRO","USD.CNH",0,6.69688,6.69765,0
2022-07-04,83041835,"IDEALPRO","USD.CNH",0,6.69687,6.69765,0
2022-07-04,83043828,"IDEALPRO","USD.CNH",0,6.69683,6.6974,0
2022-07-04,83045857,"IDEALPRO","USD.CNH",0,6.69679,6.69739,0
2022-07-04,83049668,"IDEALPRO","USD.CNH",0,6.69679,6.69734,0
2022-07-04,83051754,"IDEALPRO","USD.CNH",0,6.69685,6.69762,0
2022-07-04,83052863,"IDEALPRO","USD.CNH",0,6.69687,6.69762,0
2022-07-04,83053308,"IDEALPRO","USD.CNH",0,6.69681,6.69762,0
2022-07-04,83055745,"IDEALPRO","USD.CNH",0,6.69686,6.69759,0
2022-07-04,83058685,"IDEALPRO","USD.CNH",0,6.69726,6.69786,0
2022-07-04,83059572,"IDEALPRO","USD.CNH",0,6.69721,6.69786,0
2022-07-04,83100940,"IDEALPRO","USD.CNH",0,6.69726,6.69786,0
2022-07-04,83101826,"IDEALPRO","USD.CNH",0,6.69726,6.69789,0
2022-07-04,83102935,"IDEALPRO","USD.CNH",0,6.69721,6.69789,0
2022-07-04,83103378,"IDEALPRO","USD.CNH",0,6.69726,6.69789,0
2022-07-04,83104043,"IDEALPRO","USD.CNH",0,6.6973,6.6979,0
2022-07-04,83108036,"IDEALPRO","USD.CNH",0,6.6973,6.6979,0
2022-07-04,83109588,"IDEALPRO","USD.CNH",0,6.69726,6.6979,0
2022-07-04,83110071,"IDEALPRO","USD.CNH",0,6.6973,6.6979,0
2022-07-04,83111844,"IDEALPRO","USD.CNH",0,6.69726,6.6979,0
2022-07-04,83113116,"IDEALPRO","USD.CNH",0,6.69726,6.6979,0
2022-07-04,83118881,"IDEALPRO","USD.CNH",0,6.69712,6.69781,0
2022-07-04,83119561,"IDEALPRO","USD.CNH",0,6.69704,6.69781,0
2022-07-04,83120266,"IDEALPRO","USD.CNH",0,6.69704,6.69776,0
2022-07-04,83122116,"IDEALPRO","USD.CNH",0,6.69704,6.69778,0
2022-07-04,83127958,"IDEALPRO","USD.CNH",0,6.69711,6.69781,0
2022-07-04,83128401,"IDEALPRO","USD.CNH",0,6.69711,6.69781,0
2022-07-04,83129792,"IDEALPRO","USD.CNH",0,6.69711,6.69781,0
2022-07-04,83136403,"IDEALPRO","USD.CNH",0,6.69711,6.69779,0
2022-07-04,83139373,"IDEALPRO","USD.CNH",0,6.69718,6.69785,0
2022-07-04,83140963,"IDEALPRO","USD.CNH",0,6.69723,6.69785,0
2022-07-04,83143400,"IDEALPRO","USD.CNH",0,6.69723,6.69783,0
2022-07-04,83152080,"IDEALPRO","USD.CNH",0,6.69727,6.69783,0
2022-07-04,83158640,"IDEALPRO","USD.CNH",0,6.69723,6.69775,0
2022-07-04,83159525,"IDEALPRO","USD.CNH",0,6.69722,6.69786,0
2022-07-04,83200689,"IDEALPRO","USD.CNH",0,6.69734,6.69792,0
2022-07-04,83201131,"IDEALPRO","USD.CNH",0,6.69743,6.69792,0
2022-07-04,83204275,"IDEALPRO","USD.CNH",0,6.69743,6.69798,0
2022-07-04,83205827,"IDEALPRO","USD.CNH",0,6.6974,6.69798,0
2022-07-04,83206049,"IDEALPRO","USD.CNH",0,6.69743,6.69798,0
2022-07-04,83207157,"IDEALPRO","USD.CNH",0,6.6974,6.69798,0
2022-07-04,83208266,"IDEALPRO","USD.CNH",0,6.69743,6.69798,0
2022-07-04,83210744,"IDEALPRO","USD.CNH",0,6.69746,6.69797,0
2022-07-04,83214291,"IDEALPRO","USD.CNH",0,6.69743,6.69797,0
2022-07-04,83216275,"IDEALPRO","USD.CNH",0,6.69742,6.69797,0
2022-07-04,83222185,"IDEALPRO","USD.CNH",0,6.69745,6.69797,0
2022-07-04,83224804,"IDEALPRO","USD.CNH",0,6.69749,6.69797,0
2022-07-04,83226357,"IDEALPRO","USD.CNH",0,6.69751,6.69798,0
2022-07-04,83227243,"IDEALPRO","USD.CNH",0,6.69756,6.69798,0
2022-07-04,83229946,"IDEALPRO","USD.CNH",0,6.6976,6.698,0
2022-07-04,83233845,"IDEALPRO","USD.CNH",0,6.69762,6.69802,0
2022-07-04,83236284,"IDEALPRO","USD.CNH",0,6.69762,6.69801,0
2022-07-04,83240888,"IDEALPRO","USD.CNH",0,6.69795,6.69829,0
2022-07-04,83244880,"IDEALPRO","USD.CNH",0,6.69774,6.69829,0
2022-07-04,83245545,"IDEALPRO","USD.CNH",0,6.69774,6.69828,0
2022-07-04,83246654,"IDEALPRO","USD.CNH",0,6.69763,6.69818,0
2022-07-04,83247097,"IDEALPRO","USD.CNH",0,6.69766,6.69818,0
2022-07-04,83251496,"IDEALPRO","USD.CNH",0,6.69775,6.69818,0
2022-07-04,83252161,"IDEALPRO","USD.CNH",0,6.69763,6.69818,0
2022-07-04,83253270,"IDEALPRO","USD.CNH",0,6.69766,6.69818,0
2022-07-04,83257705,"IDEALPRO","USD.CNH",0,6.69767,6.69817,0
2022-07-04,83258370,"IDEALPRO","USD.CNH",0,6.69767,6.69817,0
2022-07-04,83301516,"IDEALPRO","USD.CNH",0,6.69766,6.69817,0
2022-07-04,83305286,"IDEALPRO","USD.CNH",0,6.69766,6.69815,0
2022-07-04,83307724,"IDEALPRO","USD.CNH",0,6.69766,6.69818,0
2022-07-04,83308389,"IDEALPRO","USD.CNH",0,6.69767,6.69818,0
2022-07-04,83309278,"IDEALPRO","USD.CNH",0,6.69766,6.69817,0
2022-07-04,83316635,"IDEALPRO","USD.CNH",0,6.69771,6.69821,0
2022-07-04,83323363,"IDEALPRO","USD.CNH",0,6.69794,6.69821,0
2022-07-04,83328239,"IDEALPRO","USD.CNH",0,6.69794,6.69819,0
2022-07-04,83334356,"IDEALPRO","USD.CNH",0,6.69793,6.69819,0
2022-07-04,83346062,"IDEALPRO","USD.CNH",0,6.69797,6.69817,0
2022-07-04,83348401,"IDEALPRO","USD.CNH",0,6.69794,6.6982,0
2022-07-04,83353318,"IDEALPRO","USD.CNH",0,6.69791,6.6981,0
2022-07-04,83354834,"IDEALPRO","USD.CNH",0,6.69784,6.69806,0
2022-07-04,83358687,"IDEALPRO","USD.CNH",0,6.69784,6.69805,0
2022-07-04,83359572,"IDEALPRO","USD.CNH",0,6.69782,6.69805,0
2022-07-04,83404750,"IDEALPRO","USD.CNH",0,6.69782,6.69807,0
2022-07-04,83409406,"IDEALPRO","USD.CNH",0,6.69786,6.69809,0
2022-07-04,83422465,"IDEALPRO","USD.CNH",0,6.69786,6.69807,0
2022-07-04,83424238,"IDEALPRO","USD.CNH",0,6.69785,6.69807,0
2022-07-04,83427786,"IDEALPRO","USD.CNH",0,6.69785,6.69806,0
2022-07-04,83428008,"IDEALPRO","USD.CNH",0,6.69785,6.69814,0
2022-07-04,83429116,"IDEALPRO","USD.CNH",0,6.6979,6.69814,0
2022-07-04,83434921,"IDEALPRO","USD.CNH",0,6.6979,6.6981,0
2022-07-04,83435143,"IDEALPRO","USD.CNH",0,6.69785,6.6981,0
2022-07-04,83439732,"IDEALPRO","USD.CNH",0,6.69785,6.69807,0
2022-07-04,83448821,"IDEALPRO","USD.CNH",0,6.69785,6.69811,0
2022-07-04,83450192,"IDEALPRO","USD.CNH",0,6.69794,6.69811,0
2022-07-04,83516672,"IDEALPRO","USD.CNH",0,6.69794,6.69806,0
2022-07-04,83525352,"IDEALPRO","USD.CNH",0,6.69794,6.69811,0
2022-07-04,83528011,"IDEALPRO","USD.CNH",0,6.69794,6.69813,0
2022-07-04,83533971,"IDEALPRO","USD.CNH",0,6.69794,6.69818,0
2022-07-04,83542495,"IDEALPRO","USD.CNH",0,6.69794,6.69805,0
2022-07-04,83547210,"IDEALPRO","USD.CNH",0,6.69794,6.69814,0
2022-07-04,83552121,"IDEALPRO","USD.CNH",0,6.69794,6.69813,0
2022-07-04,83553230,"IDEALPRO","USD.CNH",0,6.69794,6.69812,0
2022-07-04,83600396,"IDEALPRO","USD.CNH",0,6.69815,6.6984,0
2022-07-04,83604607,"IDEALPRO","USD.CNH",0,6.69815,6.69841,0
2022-07-04,83611935,"IDEALPRO","USD.CNH",0,6.69829,6.69841,0
2022-07-04,83619325,"IDEALPRO","USD.CNH",0,6.69829,6.69847,0
2022-07-04,83632929,"IDEALPRO","USD.CNH",0,6.69997,6.70037,0
2022-07-04,83633150,"IDEALPRO","USD.CNH",0,6.70015,6.70037,0
2022-07-04,83634926,"IDEALPRO","USD.CNH",0,6.69982,6.70006,0
2022-07-04,83635590,"IDEALPRO","USD.CNH",0,6.69963,6.69994,0
2022-07-04,83637585,"IDEALPRO","USD.CNH",0,6.69961,6.69987,0
2022-07-04,83642943,"IDEALPRO","USD.CNH",0,6.69943,6.69979,0
2022-07-04,83643387,"IDEALPRO","USD.CNH",0,6.69913,6.69951,0
2022-07-04,83645825,"IDEALPRO","USD.CNH",0,6.69944,6.69977,0
2022-07-04,83646934,"IDEALPRO","USD.CNH",0,6.69926,6.69964,0
2022-07-04,83647155,"IDEALPRO","USD.CNH",0,6.69926,6.69958,0
2022-07-04,83648930,"IDEALPRO","USD.CNH",0,6.69932,6.69958,0
2022-07-04,83649856,"IDEALPRO","USD.CNH",0,6.69935,6.69958,0
2022-07-04,83652958,"IDEALPRO","USD.CNH",0,6.69917,6.69941,0
2022-07-04,83653845,"IDEALPRO","USD.CNH",0,6.69911,6.69933,0
2022-07-04,83654288,"IDEALPRO","USD.CNH",0,6.69925,6.6995,0
2022-07-04,83655840,"IDEALPRO","USD.CNH",0,6.69931,6.69956,0
2022-07-04,83656726,"IDEALPRO","USD.CNH",0,6.69934,6.69956,0
2022-07-04,83657613,"IDEALPRO","USD.CNH",0,6.69939,6.69956,0
2022-07-04,83658500,"IDEALPRO","USD.CNH",0,6.69943,6.69956,0
2022-07-04,83659165,"IDEALPRO","USD.CNH",0,6.69941,6.69956,0
2022-07-04,83701658,"IDEALPRO","USD.CNH",0,6.69943,6.69959,0
2022-07-04,83702324,"IDEALPRO","USD.CNH",0,6.69948,6.69959,0
2022-07-04,83703877,"IDEALPRO","USD.CNH",0,6.69904,6.69932,0
2022-07-04,83704764,"IDEALPRO","USD.CNH",0,6.69924,6.69955,0
2022-07-04,83705207,"IDEALPRO","USD.CNH",0,6.69932,6.69955,0
2022-07-04,83706980,"IDEALPRO","USD.CNH",0,6.69908,6.69956,0
2022-07-04,83707647,"IDEALPRO","USD.CNH",0,6.69925,6.69966,0
2022-07-04,83708975,"IDEALPRO","USD.CNH",0,6.69925,6.69969,0
2022-07-04,83709901,"IDEALPRO","USD.CNH",0,6.69925,6.69966,0
2022-07-04,83710787,"IDEALPRO","USD.CNH",0,6.69904,6.69954,0
2022-07-04,83711009,"IDEALPRO","USD.CNH",0,6.69913,6.69958,0
2022-07-04,83716108,"IDEALPRO","USD.CNH",0,6.69913,6.69935,0
2022-07-04,83718990,"IDEALPRO","USD.CNH",0,6.69931,6.6997,0
2022-07-04,83719783,"IDEALPRO","USD.CNH",0,6.69925,6.69968,0
2022-07-04,83721818,"IDEALPRO","USD.CNH",0,6.69928,6.69968,0
2022-07-04,83722262,"IDEALPRO","USD.CNH",0,6.69941,6.69968,0
2022-07-04,83724035,"IDEALPRO","USD.CNH",0,6.69941,6.6997,0
2022-07-04,83726697,"IDEALPRO","USD.CNH",0,6.69932,6.69974,0
2022-07-04,83727363,"IDEALPRO","USD.CNH",0,6.69933,6.69966,0
2022-07-04,83730726,"IDEALPRO","USD.CNH",0,6.69946,6.69975,0
2022-07-04,83735036,"IDEALPRO","USD.CNH",0,6.69943,6.69979,0
2022-07-04,83736366,"IDEALPRO","USD.CNH",0,6.69942,6.69973,0
2022-07-04,83740631,"IDEALPRO","USD.CNH",0,6.69943,6.69973,0
2022-07-04,83749945,"IDEALPRO","USD.CNH",0,6.69947,6.69978,0
2022-07-04,83750832,"IDEALPRO","USD.CNH",0,6.6995,6.69978,0
2022-07-04,83753935,"IDEALPRO","USD.CNH",0,6.69943,6.69978,0
2022-07-04,83754157,"IDEALPRO","USD.CNH",0,6.69941,6.69974,0
2022-07-04,83803064,"IDEALPRO","USD.CNH",0,6.69941,6.69968,0
2022-07-04,83805504,"IDEALPRO","USD.CNH",0,6.69943,6.6997,0
2022-07-04,83806611,"IDEALPRO","USD.CNH",0,6.69945,6.69973,0
2022-07-04,83808385,"IDEALPRO","USD.CNH",0,6.69945,6.69966,0
2022-07-04,83809493,"IDEALPRO","USD.CNH",0,6.69946,6.69979,0
2022-07-04,83810419,"IDEALPRO","USD.CNH",0,6.69945,6.69965,0
2022-07-04,83812414,"IDEALPRO","USD.CNH",0,6.69945,6.69966,0
2022-07-04,83813522,"IDEALPRO","USD.CNH",0,6.69943,6.69973,0
2022-07-04,83815517,"IDEALPRO","USD.CNH",0,6.69943,6.69967,0
2022-07-04,83816403,"IDEALPRO","USD.CNH",0,6.69943,6.69978,0
2022-07-04,83817512,"IDEALPRO","USD.CNH",0,6.6995,6.69982,0
2022-07-04,83818398,"IDEALPRO","USD.CNH",0,6.69943,6.69978,0
2022-07-04,83819506,"IDEALPRO","USD.CNH",0,6.69951,6.69986,0
2022-07-04,83820394,"IDEALPRO","USD.CNH",0,6.69946,6.69986,0
2022-07-04,83821945,"IDEALPRO","USD.CNH",0,6.69947,6.69986,0
2022-07-04,83822389,"IDEALPRO","USD.CNH",0,6.69947,6.69982,0
2022-07-04,83823498,"IDEALPRO","USD.CNH",0,6.69949,6.69981,0
2022-07-04,83824411,"IDEALPRO","USD.CNH",0,6.69949,6.69982,0
2022-07-04,83827428,"IDEALPRO","USD.CNH",0,6.69949,6.69979,0
2022-07-04,83828536,"IDEALPRO","USD.CNH",0,6.69943,6.69969,0
2022-07-04,83829423,"IDEALPRO","USD.CNH",0,6.69939,6.69975,0
2022-07-04,83830127,"IDEALPRO","USD.CNH",0,6.69936,6.69975,0
2022-07-04,83831679,"IDEALPRO","USD.CNH",0,6.69927,6.69968,0
2022-07-04,83832625,"IDEALPRO","USD.CNH",0,6.69931,6.69968,0
2022-07-04,83835952,"IDEALPRO","USD.CNH",0,6.69944,6.69978,0
2022-07-04,83836616,"IDEALPRO","USD.CNH",0,6.69944,6.69978,0
2022-07-04,83837503,"IDEALPRO","USD.CNH",0,6.69944,6.69985,0
2022-07-04,83838835,"IDEALPRO","USD.CNH",0,6.69945,6.69985,0
2022-07-04,83840648,"IDEALPRO","USD.CNH",0,6.69941,6.69978,0
2022-07-04,83842642,"IDEALPRO","USD.CNH",0,6.69939,6.69979,0
2022-07-04,83843086,"IDEALPRO","USD.CNH",0,6.69943,6.69979,0
2022-07-04,83844196,"IDEALPRO","USD.CNH",0,6.69939,6.69966,0
2022-07-04,83849998,"IDEALPRO","USD.CNH",0,6.69949,6.69987,0
2022-07-04,83850664,"IDEALPRO","USD.CNH",0,6.69955,6.6999,0
2022-07-04,83851550,"IDEALPRO","USD.CNH",0,6.69955,6.6999,0
2022-07-04,83852660,"IDEALPRO","USD.CNH",0,6.69961,6.6999,0
2022-07-04,83853324,"IDEALPRO","USD.CNH",0,6.69958,6.6999,0
2022-07-04,83855762,"IDEALPRO","USD.CNH",0,6.69951,6.69971,0
2022-07-04,83857163,"IDEALPRO","USD.CNH",0,6.69951,6.69977,0
2022-07-04,83858050,"IDEALPRO","USD.CNH",0,6.69954,6.69972,0
2022-07-04,83900305,"IDEALPRO","USD.CNH",0,6.69957,6.69972,0
2022-07-04,83904517,"IDEALPRO","USD.CNH",0,6.69939,6.69967,0
2022-07-04,83906735,"IDEALPRO","USD.CNH",0,6.69941,6.69967,0
2022-07-04,83909446,"IDEALPRO","USD.CNH",0,6.69944,6.69967,0
2022-07-04,83910814,"IDEALPRO","USD.CNH",0,6.69944,6.69967,0
2022-07-04,83911257,"IDEALPRO","USD.CNH",0,6.69948,6.69967,0
2022-07-04,83912143,"IDEALPRO","USD.CNH",0,6.69951,6.69967,0
2022-07-04,83913251,"IDEALPRO","USD.CNH",0,6.69945,6.69962,0
2022-07-04,83914138,"IDEALPRO","USD.CNH",0,6.69945,6.69966,0
2022-07-04,83919810,"IDEALPRO","USD.CNH",0,6.69945,6.69968,0
2022-07-04,83921804,"IDEALPRO","USD.CNH",0,6.69943,6.6997,0
2022-07-04,83924908,"IDEALPRO","USD.CNH",0,6.69946,6.69966,0
2022-07-04,83926238,"IDEALPRO","USD.CNH",0,6.69949,6.69966,0
2022-07-04,83927789,"IDEALPRO","USD.CNH",0,6.69949,6.69967,0
2022-07-04,83933874,"IDEALPRO","USD.CNH",0,6.69942,6.69963,0
2022-07-04,83934540,"IDEALPRO","USD.CNH",0,6.6995,6.69966,0
2022-07-04,83935649,"IDEALPRO","USD.CNH",0,6.69952,6.69966,0
2022-07-04,83936314,"IDEALPRO","USD.CNH",0,6.6995,6.69966,0
2022-07-04,83937201,"IDEALPRO","USD.CNH",0,6.6995,6.6997,0
2022-07-04,83940358,"IDEALPRO","USD.CNH",0,6.69948,6.6997,0
2022-07-04,83943615,"IDEALPRO","USD.CNH",0,6.69944,6.69966,0
2022-07-04,83950385,"IDEALPRO","USD.CNH",0,6.69944,6.6997,0
2022-07-04,83952952,"IDEALPRO","USD.CNH",0,6.69936,6.69972,0
2022-07-04,83953396,"IDEALPRO","USD.CNH",0,6.69936,6.69972,0
2022-07-04,83955392,"IDEALPRO","USD.CNH",0,6.69936,6.69975,0
2022-07-04,83956501,"IDEALPRO","USD.CNH",0,6.69936,6.69975,0
2022-07-04,83957830,"IDEALPRO","USD.CNH",0,6.69915,6.69954,0
2022-07-04,83958495,"IDEALPRO","USD.CNH",0,6.69915,6.69954,0
2022-07-04,83959160,"IDEALPRO","USD.CNH",0,6.69921,6.69954,0
2022-07-04,84000975,"IDEALPRO","USD.CNH",0,6.69941,6.6997,0
2022-07-04,84001197,"IDEALPRO","USD.CNH",0,6.69943,6.6997,0
2022-07-04,84002306,"IDEALPRO","USD.CNH",0,6.69947,6.6997,0
2022-07-04,84004523,"IDEALPRO","USD.CNH",0,6.6995,6.6997,0
2022-07-04,84005410,"IDEALPRO","USD.CNH",0,6.6995,6.69967,0
2022-07-04,84007406,"IDEALPRO","USD.CNH",0,6.6995,6.69963,0
2022-07-04,84010328,"IDEALPRO","USD.CNH",0,6.69944,6.69963,0
2022-07-04,84011436,"IDEALPRO","USD.CNH",0,6.69943,6.69967,0
2022-07-04,84013430,"IDEALPRO","USD.CNH",0,6.69943,6.69971,0
2022-07-04,84014317,"IDEALPRO","USD.CNH",0,6.69941,6.69971,0
2022-07-04,84017422,"IDEALPRO","USD.CNH",0,6.69942,6.69967,0
2022-07-04,84018973,"IDEALPRO","USD.CNH",0,6.69945,6.69967,0
2022-07-04,84019547,"IDEALPRO","USD.CNH",0,6.69949,6.69971,0
2022-07-04,84031888,"IDEALPRO","USD.CNH",0,6.69946,6.69971,0
2022-07-04,84032996,"IDEALPRO","USD.CNH",0,6.69946,6.69969,0
2022-07-04,84033217,"IDEALPRO","USD.CNH",0,6.69945,6.69969,0
2022-07-04,84036986,"IDEALPRO","USD.CNH",0,6.69945,6.69973,0
2022-07-04,84038176,"IDEALPRO","USD.CNH",0,6.69946,6.69973,0
2022-07-04,84039926,"IDEALPRO","USD.CNH",0,6.69897,6.69937,0
2022-07-04,84040813,"IDEALPRO","USD.CNH",0,6.69896,6.69928,0
2022-07-04,84041700,"IDEALPRO","USD.CNH",0,6.69896,6.69928,0
2022-07-04,84042587,"IDEALPRO","USD.CNH",0,6.69895,6.69928,0
2022-07-04,84043890,"IDEALPRO","USD.CNH",0,6.69896,6.69932,0
2022-07-04,84044812,"IDEALPRO","USD.CNH",0,6.69895,6.69932,0
2022-07-04,84055800,"IDEALPRO","USD.CNH",0,6.69931,6.69968,0
2022-07-04,84056908,"IDEALPRO","USD.CNH",0,6.69915,6.6995,0
2022-07-04,84057793,"IDEALPRO","USD.CNH",0,6.69913,6.69943,0
2022-07-04,84058900,"IDEALPRO","USD.CNH",0,6.69926,6.69962,0
2022-07-04,84059344,"IDEALPRO","USD.CNH",0,6.6993,6.69962,0
2022-07-04,84100935,"IDEALPRO","USD.CNH",0,6.69928,6.69962,0
2022-07-04,84102932,"IDEALPRO","USD.CNH",0,6.69919,6.69946,0
2022-07-04,84103818,"IDEALPRO","USD.CNH",0,6.69917,6.69954,0
2022-07-04,84104483,"IDEALPRO","USD.CNH",0,6.69913,6.69938,0
2022-07-04,84105592,"IDEALPRO","USD.CNH",0,6.69916,6.69949,0
2022-07-04,84106921,"IDEALPRO","USD.CNH",0,6.69913,6.69942,0
2022-07-04,84107143,"IDEALPRO","USD.CNH",0,6.69911,6.69942,0
2022-07-04,84108916,"IDEALPRO","USD.CNH",0,6.6991,6.69942,0
2022-07-04,84109842,"IDEALPRO","USD.CNH",0,6.69917,6.69942,0
2022-07-04,84111837,"IDEALPRO","USD.CNH",0,6.69919,6.69942,0
2022-07-04,84112724,"IDEALPRO","USD.CNH",0,6.69921,6.69944,0
2022-07-04,84114745,"IDEALPRO","USD.CNH",0,6.69919,6.69944,0
2022-07-04,84115853,"IDEALPRO","USD.CNH",0,6.69918,6.69942,0
2022-07-04,84116296,"IDEALPRO","USD.CNH",0,6.69917,6.69942,0
2022-07-04,84117849,"IDEALPRO","USD.CNH",0,6.69919,6.69946,0
2022-07-04,84118956,"IDEALPRO","USD.CNH",0,6.69926,6.69942,0
2022-07-04,84119769,"IDEALPRO","USD.CNH",0,6.69929,6.69952,0
2022-07-04,84120253,"IDEALPRO","USD.CNH",0,6.69933,6.69952,0
2022-07-04,84122844,"IDEALPRO","USD.CNH",0,6.69931,6.69952,0
2022-07-04,84123953,"IDEALPRO","USD.CNH",0,6.69933,6.69952,0
2022-07-04,84127798,"IDEALPRO","USD.CNH",0,6.69938,6.69952,0
2022-07-04,84128908,"IDEALPRO","USD.CNH",0,6.69943,6.6997,0
2022-07-04,84129129,"IDEALPRO","USD.CNH",0,6.69946,6.6997,0
2022-07-04,84130277,"IDEALPRO","USD.CNH",0,6.69951,6.6997,0
2022-07-04,84131276,"IDEALPRO","USD.CNH",0,6.69956,6.6997,0
2022-07-04,84136436,"IDEALPRO","USD.CNH",0,6.69941,6.69961,0
2022-07-04,84137831,"IDEALPRO","USD.CNH",0,6.69944,6.69961,0
2022-07-04,84141903,"IDEALPRO","USD.CNH",0,6.69913,6.69938,0
2022-07-04,84142790,"IDEALPRO","USD.CNH",0,6.69921,6.69953,0
2022-07-04,84143676,"IDEALPRO","USD.CNH",0,6.69921,6.69953,0
2022-07-04,84144564,"IDEALPRO","USD.CNH",0,6.69926,6.69953,0
2022-07-04,84148930,"IDEALPRO","USD.CNH",0,6.69927,6.69953,0
2022-07-04,84149855,"IDEALPRO","USD.CNH",0,6.69942,6.69969,0
2022-07-04,84150912,"IDEALPRO","USD.CNH",0,6.69948,6.69969,0
2022-07-04,84151591,"IDEALPRO","USD.CNH",0,6.69949,6.69969,0
2022-07-04,84157824,"IDEALPRO","USD.CNH",0,6.69952,6.69969,0
2022-07-04,84158711,"IDEALPRO","USD.CNH",0,6.69955,6.69969,0
2022-07-04,84202978,"IDEALPRO","USD.CNH",0,6.69944,6.69969,0
2022-07-04,84203864,"IDEALPRO","USD.CNH",0,6.69938,6.69969,0
2022-07-04,84204529,"IDEALPRO","USD.CNH",0,6.69941,6.69969,0
2022-07-04,84206747,"IDEALPRO","USD.CNH",0,6.69933,6.69962,0
2022-07-04,84207633,"IDEALPRO","USD.CNH",0,6.69936,6.69962,0
2022-07-04,84211441,"IDEALPRO","USD.CNH",0,6.69941,6.69962,0
2022-07-04,84215874,"IDEALPRO","USD.CNH",0,6.69944,6.69969,0
2022-07-04,84216316,"IDEALPRO","USD.CNH",0,6.69947,6.69969,0
2022-07-04,84218755,"IDEALPRO","USD.CNH",0,6.6995,6.69969,0
2022-07-04,84221028,"IDEALPRO","USD.CNH",0,6.69948,6.69969,0
2022-07-04,84232959,"IDEALPRO","USD.CNH",0,6.69979,6.70001,0
2022-07-04,84233624,"IDEALPRO","USD.CNH",0,6.70019,6.70061,0
2022-07-04,84234288,"IDEALPRO","USD.CNH",0,6.70044,6.70087,0
2022-07-04,84235619,"IDEALPRO","USD.CNH",0,6.70033,6.70076,0
2022-07-04,84236505,"IDEALPRO","USD.CNH",0,6.70039,6.70083,0
2022-07-04,84238943,"IDEALPRO","USD.CNH",0,6.70048,6.70089,0
2022-07-04,84239870,"IDEALPRO","USD.CNH",0,6.70044,6.70089,0
2022-07-04,84243859,"IDEALPRO","USD.CNH",0,6.70052,6.70098,0
2022-07-04,84244082,"IDEALPRO","USD.CNH",0,6.70075,6.70116,0
2022-07-04,84247850,"IDEALPRO","USD.CNH",0,6.70059,6.70105,0
2022-07-04,84248958,"IDEALPRO","USD.CNH",0,6.70052,6.701,0
2022-07-04,84249884,"IDEALPRO","USD.CNH",0,6.70052,6.701,0
2022-07-04,84252323,"IDEALPRO","USD.CNH",0,6.70052,6.70096,0
2022-07-04,84253432,"IDEALPRO","USD.CNH",0,6.70066,6.70114,0
2022-07-04,84255649,"IDEALPRO","USD.CNH",0,6.70056,6.70103,0
2022-07-04,84256759,"IDEALPRO","USD.CNH",0,6.70057,6.70103,0
2022-07-04,84257865,"IDEALPRO","USD.CNH",0,6.70063,6.70103,0
2022-07-04,84259569,"IDEALPRO","USD.CNH",0,6.70063,6.70111,0
2022-07-04,84301382,"IDEALPRO","USD.CNH",0,6.70066,6.70111,0
2022-07-04,84303819,"IDEALPRO","USD.CNH",0,6.70064,6.70111,0
2022-07-04,84304928,"IDEALPRO","USD.CNH",0,6.7007,6.70116,0
2022-07-04,84305150,"IDEALPRO","USD.CNH",0,6.70074,6.70116,0
2022-07-04,84306260,"IDEALPRO","USD.CNH",0,6.70079,6.70125,0
2022-07-04,84307369,"IDEALPRO","USD.CNH",0,6.70085,6.70125,0
2022-07-04,84308699,"IDEALPRO","USD.CNH",0,6.70084,6.70125,0
2022-07-04,84309846,"IDEALPRO","USD.CNH",0,6.70083,6.70125,0
2022-07-04,84310592,"IDEALPRO","USD.CNH",0,6.70086,6.70129,0
2022-07-04,84316872,"IDEALPRO","USD.CNH",0,6.70137,6.70187,0
2022-07-04,84317759,"IDEALPRO","USD.CNH",0,6.70138,6.70187,0
2022-07-04,84318646,"IDEALPRO","USD.CNH",0,6.70141,6.70187,0
2022-07-04,84322936,"IDEALPRO","USD.CNH",0,6.70132,6.70172,0
2022-07-04,84323824,"IDEALPRO","USD.CNH",0,6.70127,6.70172,0
2022-07-04,84324932,"IDEALPRO","USD.CNH",0,6.70154,6.70193,0
2022-07-04,84325819,"IDEALPRO","USD.CNH",0,6.70148,6.70198,0
2022-07-04,84326484,"IDEALPRO","USD.CNH",0,6.70156,6.70198,0
2022-07-04,84327592,"IDEALPRO","USD.CNH",0,6.70155,6.70198,0
2022-07-04,84328480,"IDEALPRO","USD.CNH",0,6.70151,6.70198,0
2022-07-04,84329849,"IDEALPRO","USD.CNH",0,6.70156,6.70208,0
2022-07-04,84330737,"IDEALPRO","USD.CNH",0,6.70178,6.70218,0
2022-07-04,84338828,"IDEALPRO","USD.CNH",0,6.70178,6.70222,0
2022-07-04,84344976,"IDEALPRO","USD.CNH",0,6.70188,6.70232,0
2022-07-04,84346525,"IDEALPRO","USD.CNH",0,6.70189,6.70233,0
2022-07-04,84348077,"IDEALPRO","USD.CNH",0,6.70187,6.70233,0
2022-07-04,84349611,"IDEALPRO","USD.CNH",0,6.70187,6.70233,0
2022-07-04,84350761,"IDEALPRO","USD.CNH",0,6.70189,6.70233,0
2022-07-04,84351869,"IDEALPRO","USD.CNH",0,6.70189,6.70232,0
2022-07-04,84354971,"IDEALPRO","USD.CNH",0,6.70192,6.70237,0
2022-07-04,84355858,"IDEALPRO","USD.CNH",0,6.70195,6.70237,0
2022-07-04,84358170,"IDEALPRO","USD.CNH",0,6.70195,6.70236,0
2022-07-04,84359672,"IDEALPRO","USD.CNH",0,6.70193,6.70235,0
2022-07-04,84402920,"IDEALPRO","USD.CNH",0,6.70193,6.70231,0
2022-07-04,84403808,"IDEALPRO","USD.CNH",0,6.70116,6.70169,0
2022-07-04,84404917,"IDEALPRO","USD.CNH",0,6.7014,6.70184,0
2022-07-04,84405581,"IDEALPRO","USD.CNH",0,6.70131,6.70175,0
2022-07-04,84406025,"IDEALPRO","USD.CNH",0,6.70132,6.70175,0
2022-07-04,84407800,"IDEALPRO","USD.CNH",0,6.70158,6.70208,0
2022-07-04,84408687,"IDEALPRO","USD.CNH",0,6.70168,6.70215,0
2022-07-04,84413676,"IDEALPRO","USD.CNH",0,6.70168,6.70218,0
2022-07-04,84417668,"IDEALPRO","USD.CNH",0,6.70164,6.70219,0
2022-07-04,84422690,"IDEALPRO","USD.CNH",0,6.70164,6.70215,0
2022-07-04,84424908,"IDEALPRO","USD.CNH",0,6.70166,6.70215,0
2022-07-04,84425794,"IDEALPRO","USD.CNH",0,6.70164,6.70215,0
2022-07-04,84427568,"IDEALPRO","USD.CNH",0,6.70166,6.70223,0
2022-07-04,84428012,"IDEALPRO","USD.CNH",0,6.70173,6.70223,0
2022-07-04,84429825,"IDEALPRO","USD.CNH",0,6.70141,6.70199,0
2022-07-04,84433904,"IDEALPRO","USD.CNH",0,6.70147,6.70196,0
2022-07-04,84435012,"IDEALPRO","USD.CNH",0,6.70147,6.70196,0
2022-07-04,84436343,"IDEALPRO","USD.CNH",0,6.70152,6.70201,0
2022-07-04,84437674,"IDEALPRO","USD.CNH",0,6.70152,6.70201,0
2022-07-04,84444364,"IDEALPRO","USD.CNH",0,6.70152,6.70197,0
2022-07-04,84445473,"IDEALPRO","USD.CNH",0,6.70152,6.70199,0
2022-07-04,84449242,"IDEALPRO","USD.CNH",0,6.70152,6.70197,0
2022-07-04,84450833,"IDEALPRO","USD.CNH",0,6.70146,6.70197,0
2022-07-04,84451719,"IDEALPRO","USD.CNH",0,6.70145,6.70197,0
2022-07-04,84458596,"IDEALPRO","USD.CNH",0,6.7014,6.70192,0
2022-07-04,84506613,"IDEALPRO","USD.CNH",0,6.70142,6.70192,0
2022-07-04,84507278,"IDEALPRO","USD.CNH",0,6.70146,6.70192,0
2022-07-04,84509496,"IDEALPRO","USD.CNH",0,6.70155,6.70196,0
2022-07-04,84511752,"IDEALPRO","USD.CNH",0,6.70159,6.70196,0
2022-07-04,84513749,"IDEALPRO","USD.CNH",0,6.70159,6.70199,0
2022-07-04,84515523,"IDEALPRO","USD.CNH",0,6.70174,6.7021,0
2022-07-04,84516853,"IDEALPRO","USD.CNH",0,6.70177,6.7021,0
2022-07-04,84518413,"IDEALPRO","USD.CNH",0,6.70172,6.70206,0
2022-07-04,84519298,"IDEALPRO","USD.CNH",0,6.70172,6.70206,0
2022-07-04,84520031,"IDEALPRO","USD.CNH",0,6.70172,6.70201,0
2022-07-04,84522519,"IDEALPRO","USD.CNH",0,6.702,6.70242,0
2022-07-04,84524736,"IDEALPRO","USD.CNH",0,6.70199,6.70242,0
2022-07-04,84530908,"IDEALPRO","USD.CNH",0,6.70199,6.70242,0
2022-07-04,84532459,"IDEALPRO","USD.CNH",0,6.70199,6.70242,0
2022-07-04,84534674,"IDEALPRO","USD.CNH",0,6.70203,6.70243,0
2022-07-04,84535560,"IDEALPRO","USD.CNH",0,6.70204,6.70243,0
2022-07-04,84536669,"IDEALPRO","USD.CNH",0,6.70205,6.70243,0
2022-07-04,84538943,"IDEALPRO","USD.CNH",0,6.70206,6.70243,0
2022-07-04,84540549,"IDEALPRO","USD.CNH",0,6.70206,6.70241,0
2022-07-04,84541878,"IDEALPRO","USD.CNH",0,6.70208,6.70241,0
2022-07-04,84542985,"IDEALPRO","USD.CNH",0,6.70208,6.70241,0
2022-07-04,84543872,"IDEALPRO","USD.CNH",0,6.70208,6.70241,0
2022-07-04,84544980,"IDEALPRO","USD.CNH",0,6.70206,6.70241,0
2022-07-04,84545866,"IDEALPRO","USD.CNH",0,6.70205,6.70237,0
2022-07-04,84546975,"IDEALPRO","USD.CNH",0,6.70207,6.7024,0
2022-07-04,84547418,"IDEALPRO","USD.CNH",0,6.70267,6.70307,0
2022-07-04,84549635,"IDEALPRO","USD.CNH",0,6.70278,6.70315,0
2022-07-04,84550799,"IDEALPRO","USD.CNH",0,6.70282,6.70315,0
2022-07-04,84551907,"IDEALPRO","USD.CNH",0,6.70278,6.70311,0
2022-07-04,84553680,"IDEALPRO","USD.CNH",0,6.7028,6.70311,0
2022-07-04,84555895,"IDEALPRO","USD.CNH",0,6.7028,6.70311,0
2022-07-04,84556782,"IDEALPRO","USD.CNH",0,6.70278,6.70311,0
2022-07-04,84557891,"IDEALPRO","USD.CNH",0,6.70286,6.7032,0
2022-07-04,84559664,"IDEALPRO","USD.CNH",0,6.70283,6.7032,0
2022-07-04,84600368,"IDEALPRO","USD.CNH",0,6.70283,6.70321,0
2022-07-04,84601919,"IDEALPRO","USD.CNH",0,6.7028,6.7032,0
2022-07-04,84602364,"IDEALPRO","USD.CNH",0,6.70283,6.7032,0
2022-07-04,84603917,"IDEALPRO","USD.CNH",0,6.70189,6.70233,0
2022-07-04,84604803,"IDEALPRO","USD.CNH",0,6.70189,6.70232,0
2022-07-04,84606575,"IDEALPRO","USD.CNH",0,6.70191,6.70238,0
2022-07-04,84607685,"IDEALPRO","USD.CNH",0,6.70167,6.70213,0
2022-07-04,84608572,"IDEALPRO","USD.CNH",0,6.7019,6.70236,0
2022-07-04,84609917,"IDEALPRO","USD.CNH",0,6.70196,6.70234,0
2022-07-04,84610400,"IDEALPRO","USD.CNH",0,6.70196,6.70239,0
2022-07-04,84616163,"IDEALPRO","USD.CNH",0,6.70197,6.70239,0
2022-07-04,84619810,"IDEALPRO","USD.CNH",0,6.70201,6.70243,0
2022-07-04,84620920,"IDEALPRO","USD.CNH",0,6.70205,6.70243,0
2022-07-04,84623358,"IDEALPRO","USD.CNH",0,6.70206,6.70243,0
2022-07-04,84626928,"IDEALPRO","USD.CNH",0,6.70205,6.70243,0
2022-07-04,84627813,"IDEALPRO","USD.CNH",0,6.70202,6.70232,0
2022-07-04,84628257,"IDEALPRO","USD.CNH",0,6.70202,6.70225,0
2022-07-04,84631622,"IDEALPRO","USD.CNH",0,6.70197,6.70225,0
2022-07-04,84633274,"IDEALPRO","USD.CNH",0,6.70197,6.70233,0
2022-07-04,84634381,"IDEALPRO","USD.CNH",0,6.70196,6.70233,0
2022-07-04,84636866,"IDEALPRO","USD.CNH",0,6.70206,6.70243,0
2022-07-04,84638862,"IDEALPRO","USD.CNH",0,6.70207,6.7025,0
2022-07-04,84639749,"IDEALPRO","USD.CNH",0,6.70164,6.70196,0
2022-07-04,84640675,"IDEALPRO","USD.CNH",0,6.70164,6.70196,0
2022-07-04,84641341,"IDEALPRO","USD.CNH",0,6.70166,6.70196,0
2022-07-04,84642672,"IDEALPRO","USD.CNH",0,6.70164,6.70196,0
2022-07-04,84644667,"IDEALPRO","USD.CNH",0,6.70154,6.70185,0
2022-07-04,84645996,"IDEALPRO","USD.CNH",0,6.70149,6.70185,0
2022-07-04,84647547,"IDEALPRO","USD.CNH",0,6.70148,6.70185,0
2022-07-04,84651592,"IDEALPRO","USD.CNH",0,6.70151,6.70182,0
2022-07-04,84652701,"IDEALPRO","USD.CNH",0,6.70155,6.70182,0
2022-07-04,84655139,"IDEALPRO","USD.CNH",0,6.70159,6.70182,0
2022-07-04,84657355,"IDEALPRO","USD.CNH",0,6.7016,6.70188,0
2022-07-04,84658463,"IDEALPRO","USD.CNH",0,6.70156,6.70188,0
2022-07-04,84659607,"IDEALPRO","USD.CNH",0,6.70157,6.70188,0
2022-07-04,84700975,"IDEALPRO","USD.CNH",0,6.70157,6.70188,0
2022-07-04,84701197,"IDEALPRO","USD.CNH",0,6.70146,6.70178,0
2022-07-04,84702082,"IDEALPRO","USD.CNH",0,6.70151,6.70178,0
2022-07-04,84706959,"IDEALPRO","USD.CNH",0,6.70149,6.70178,0
2022-07-04,84707181,"IDEALPRO","USD.CNH",0,6.70152,6.70178,0
2022-07-04,84711852,"IDEALPRO","USD.CNH",0,6.70149,6.70173,0
2022-07-04,84712960,"IDEALPRO","USD.CNH",0,6.70146,6.70177,0
2022-07-04,84714738,"IDEALPRO","USD.CNH",0,6.70151,6.70177,0
2022-07-04,84715636,"IDEALPRO","USD.CNH",0,6.70152,6.70177,0
2022-07-04,84717629,"IDEALPRO","USD.CNH",0,6.70152,6.70181,0
2022-07-04,84721360,"IDEALPRO","USD.CNH",0,6.70147,6.70181,0
2022-07-04,84723850,"IDEALPRO","USD.CNH",0,6.70147,6.70182,0
2022-07-04,84724072,"IDEALPRO","USD.CNH",0,6.70144,6.70182,0
2022-07-04,84726806,"IDEALPRO","USD.CNH",0,6.70144,6.70178,0
2022-07-04,84728579,"IDEALPRO","USD.CNH",0,6.70142,6.70177,0
2022-07-04,84731501,"IDEALPRO","USD.CNH",0,6.70147,6.70182,0
2022-07-04,84733717,"IDEALPRO","USD.CNH",0,6.70147,6.70185,0
2022-07-04,84735268,"IDEALPRO","USD.CNH",0,6.70148,6.70186,0
2022-07-04,84756409,"IDEALPRO","USD.CNH",0,6.70144,6.70178,0
2022-07-04,84757296,"IDEALPRO","USD.CNH",0,6.70144,6.70178,0
2022-07-04,84800882,"IDEALPRO","USD.CNH",0,6.70171,6.702,0
2022-07-04,84801325,"IDEALPRO","USD.CNH",0,6.70204,6.7024,0
2022-07-04,84802656,"IDEALPRO","USD.CNH",0,6.70199,6.70234,0
2022-07-04,84804208,"IDEALPRO","USD.CNH",0,6.702,6.70234,0
2022-07-04,84805094,"IDEALPRO","USD.CNH",0,6.70202,6.70237,0
2022-07-04,84806646,"IDEALPRO","USD.CNH",0,6.70205,6.70241,0
2022-07-04,84807755,"IDEALPRO","USD.CNH",0,6.70202,6.70238,0
2022-07-04,84811341,"IDEALPRO","USD.CNH",0,6.70213,6.70247,0
2022-07-04,84812229,"IDEALPRO","USD.CNH",0,6.70214,6.70247,0
2022-07-04,84813558,"IDEALPRO","USD.CNH",0,6.70214,6.7025,0
2022-07-04,84823831,"IDEALPRO","USD.CNH",0,6.70234,6.70266,0
2022-07-04,84824939,"IDEALPRO","USD.CNH",0,6.7023,6.70258,0
2022-07-04,84825383,"IDEALPRO","USD.CNH",0,6.70228,6.70252,0
2022-07-04,84826491,"IDEALPRO","USD.CNH",0,6.70224,6.70252,0
2022-07-04,84827821,"IDEALPRO","USD.CNH",0,6.70206,6.70237,0
2022-07-04,84828930,"IDEALPRO","USD.CNH",0,6.70199,6.70238,0
2022-07-04,84829373,"IDEALPRO","USD.CNH",0,6.70207,6.70238,0
2022-07-04,84830521,"IDEALPRO","USD.CNH",0,6.70207,6.70239,0
2022-07-04,84834735,"IDEALPRO","USD.CNH",0,6.70204,6.70239,0
2022-07-04,84835843,"IDEALPRO","USD.CNH",0,6.702,6.70239,0
2022-07-04,84836065,"IDEALPRO","USD.CNH",0,6.70199,6.70239,0
2022-07-04,84837617,"IDEALPRO","USD.CNH",0,6.70215,6.70245,0
2022-07-04,84838504,"IDEALPRO","USD.CNH",0,6.70211,6.70245,0
2022-07-04,84839612,"IDEALPRO","USD.CNH",0,6.70273,6.70291,0
2022-07-04,84841907,"IDEALPRO","USD.CNH",0,6.70273,6.70298,0
2022-07-04,84842793,"IDEALPRO","USD.CNH",0,6.70273,6.70295,0
2022-07-04,84843014,"IDEALPRO","USD.CNH",0,6.70268,6.70295,0
2022-07-04,84844344,"IDEALPRO","USD.CNH",0,6.70253,6.70294,0
2022-07-04,84846339,"IDEALPRO","USD.CNH",0,6.70263,6.70302,0
2022-07-04,84847224,"IDEALPRO","USD.CNH",0,6.70266,6.70306,0
2022-07-04,84848333,"IDEALPRO","USD.CNH",0,6.70267,6.70306,0
2022-07-04,84850952,"IDEALPRO","USD.CNH",0,6.70277,6.70314,0
2022-07-04,84851839,"IDEALPRO","USD.CNH",0,6.70299,6.70333,0
2022-07-04,84852060,"IDEALPRO","USD.CNH",0,6.70299,6.70329,0
2022-07-04,84853611,"IDEALPRO","USD.CNH",0,6.70299,6.70333,0
2022-07-04,84854276,"IDEALPRO","USD.CNH",0,6.70299,6.70336,0
2022-07-04,84855827,"IDEALPRO","USD.CNH",0,6.7029,6.70322,0
2022-07-04,84856493,"IDEALPRO","USD.CNH",0,6.70281,6.70318,0
2022-07-04,84858967,"IDEALPRO","USD.CNH",0,6.70338,6.70374,0
2022-07-04,84859870,"IDEALPRO","USD.CNH",0,6.70336,6.70372,0
2022-07-04,84901904,"IDEALPRO","USD.CNH",0,6.70344,6.70376,0
2022-07-04,84902127,"IDEALPRO","USD.CNH",0,6.70356,6.70392,0
2022-07-04,84905453,"IDEALPRO","USD.CNH",0,6.70356,6.70392,0
2022-07-04,84906340,"IDEALPRO","USD.CNH",0,6.7036,6.70392,0
2022-07-04,84907890,"IDEALPRO","USD.CNH",0,6.70364,6.70392,0
2022-07-04,84909926,"IDEALPRO","USD.CNH",0,6.70382,6.70407,0
2022-07-04,84912377,"IDEALPRO","USD.CNH",0,6.70372,6.70407,0
2022-07-04,84915526,"IDEALPRO","USD.CNH",0,6.70369,6.70402,0
2022-07-04,84918969,"IDEALPRO","USD.CNH",0,6.70393,6.70421,0
2022-07-04,84919810,"IDEALPRO","USD.CNH",0,6.70414,6.70439,0
2022-07-04,84920917,"IDEALPRO","USD.CNH",0,6.70421,6.70445,0
2022-07-04,84921361,"IDEALPRO","USD.CNH",0,6.70417,6.70435,0
2022-07-04,84922248,"IDEALPRO","USD.CNH",0,6.70417,6.70432,0
2022-07-04,84923799,"IDEALPRO","USD.CNH",0,6.70438,6.70468,0
2022-07-04,84924908,"IDEALPRO","USD.CNH",0,6.70412,6.70442,0
2022-07-04,84925572,"IDEALPRO","USD.CNH",0,6.70415,6.70442,0
2022-07-04,84928899,"IDEALPRO","USD.CNH",0,6.70417,6.70441,0
2022-07-04,84929121,"IDEALPRO","USD.CNH",0,6.70421,6.70449,0
2022-07-04,84930871,"IDEALPRO","USD.CNH",0,6.70471,6.70507,0
2022-07-04,84931980,"IDEALPRO","USD.CNH",0,6.70475,6.70512,0
2022-07-04,84933088,"IDEALPRO","USD.CNH",0,6.70477,6.70511,0
2022-07-04,84934296,"IDEALPRO","USD.CNH",0,6.70477,6.70512,0
2022-07-04,84936733,"IDEALPRO","USD.CNH",0,6.70478,6.70512,0
2022-07-04,84937398,"IDEALPRO","USD.CNH",0,6.70442,6.70481,0
2022-07-04,84938063,"IDEALPRO","USD.CNH",0,6.70435,6.70474,0
2022-07-04,84943692,"IDEALPRO","USD.CNH",0,6.70433,6.70472,0
2022-07-04,84949314,"IDEALPRO","USD.CNH",0,6.70394,6.70437,0
2022-07-04,84954217,"IDEALPRO","USD.CNH",0,6.70364,6.70405,0
2022-07-04,84956874,"IDEALPRO","USD.CNH",0,6.70358,6.704,0
2022-07-04,84957317,"IDEALPRO","USD.CNH",0,6.70373,6.70416,0
2022-07-04,84958426,"IDEALPRO","USD.CNH",0,6.70378,6.7042,0
2022-07-04,84959756,"IDEALPRO","USD.CNH",0,6.70376,6.70419,0
2022-07-04,85000017,"IDEALPRO","USD.CNH",0,6.70363,6.70408,0
2022-07-04,85002455,"IDEALPRO","USD.CNH",0,6.70359,6.70406,0
2022-07-04,85003785,"IDEALPRO","USD.CNH",0,6.70354,6.704,0
2022-07-04,85005457,"IDEALPRO","USD.CNH",0,6.70352,6.70398,0
2022-07-04,85006566,"IDEALPRO","USD.CNH",0,6.7035,6.70397,0
2022-07-04,85009227,"IDEALPRO","USD.CNH",0,6.70352,6.70399,0
2022-07-04,85013257,"IDEALPRO","USD.CNH",0,6.7038,6.70428,0
2022-07-04,85014144,"IDEALPRO","USD.CNH",0,6.70371,6.70419,0
2022-07-04,85015917,"IDEALPRO","USD.CNH",0,6.70364,6.70414,0
2022-07-04,85019549,"IDEALPRO","USD.CNH",0,6.70379,6.70429,0
2022-07-04,85022471,"IDEALPRO","USD.CNH",0,6.70364,6.70416,0
2022-07-04,85024244,"IDEALPRO","USD.CNH",0,6.70365,6.70416,0
2022-07-04,85026904,"IDEALPRO","USD.CNH",0,6.70382,6.70433,0
2022-07-04,85027349,"IDEALPRO","USD.CNH",0,6.704,6.70443,0
2022-07-04,85028457,"IDEALPRO","USD.CNH",0,6.70387,6.70437,0
2022-07-04,85029121,"IDEALPRO","USD.CNH",0,6.70389,6.70437,0
2022-07-04,85034037,"IDEALPRO","USD.CNH",0,6.70384,6.70437,0
2022-07-04,85035589,"IDEALPRO","USD.CNH",0,6.70379,6.70433,0
2022-07-04,85038914,"IDEALPRO","USD.CNH",0,6.70392,6.70439,0
2022-07-04,85039802,"IDEALPRO","USD.CNH",0,6.70392,6.70448,0
2022-07-04,85040284,"IDEALPRO","USD.CNH",0,6.70391,6.70448,0
2022-07-04,85041836,"IDEALPRO","USD.CNH",0,6.70391,6.70446,0
2022-07-04,85042944,"IDEALPRO","USD.CNH",0,6.70389,6.70446,0
2022-07-04,85043388,"IDEALPRO","USD.CNH",0,6.70389,6.70446,0
2022-07-04,85044497,"IDEALPRO","USD.CNH",0,6.70388,6.70445,0
2022-07-04,85046269,"IDEALPRO","USD.CNH",0,6.70393,6.70446,0
2022-07-04,85047155,"IDEALPRO","USD.CNH",0,6.70389,6.70446,0
2022-07-04,85048707,"IDEALPRO","USD.CNH",0,6.70385,6.70443,0
2022-07-04,85049151,"IDEALPRO","USD.CNH",0,6.704,6.70446,0
2022-07-04,85053846,"IDEALPRO","USD.CNH",0,6.70405,6.7045,0
2022-07-04,85054068,"IDEALPRO","USD.CNH",0,6.70405,6.70448,0
2022-07-04,85055397,"IDEALPRO","USD.CNH",0,6.70406,6.70449,0
2022-07-04,85059927,"IDEALPRO","USD.CNH",0,6.70406,6.70437,0
2022-07-04,85100867,"IDEALPRO","USD.CNH",0,6.70406,6.70436,0
2022-07-04,85101905,"IDEALPRO","USD.CNH",0,6.70402,6.70442,0
2022-07-04,85102792,"IDEALPRO","USD.CNH",0,6.70402,6.70438,0
2022-07-04,85103014,"IDEALPRO","USD.CNH",0,6.70395,6.70438,0
2022-07-04,85104787,"IDEALPRO","USD.CNH",0,6.70376,6.70412,0
2022-07-04,85105675,"IDEALPRO","USD.CNH",0,6.7038,6.70415,0
2022-07-04,85107893,"IDEALPRO","USD.CNH",0,6.70387,6.70425,0
2022-07-04,85108558,"IDEALPRO","USD.CNH",0,6.70376,6.70409,0
2022-07-04,85109223,"IDEALPRO","USD.CNH",0,6.70392,6.70414,0
2022-07-04,85110813,"IDEALPRO","USD.CNH",0,6.7037,6.70402,0
2022-07-04,85111700,"IDEALPRO","USD.CNH",0,6.70367,6.70402,0
2022-07-04,85113917,"IDEALPRO","USD.CNH",0,6.70365,6.70393,0
2022-07-04,85114138,"IDEALPRO","USD.CNH",0,6.70358,6.70393,0
2022-07-04,85115690,"IDEALPRO","USD.CNH",0,6.70358,6.70393,0
2022-07-04,85116577,"IDEALPRO","USD.CNH",0,6.70358,6.70394,0
2022-07-04,85117243,"IDEALPRO","USD.CNH",0,6.70359,6.70394,0
2022-07-04,85118794,"IDEALPRO","USD.CNH",0,6.70384,6.7041,0
2022-07-04,85119771,"IDEALPRO","USD.CNH",0,6.70372,6.70415,0
2022-07-04,85120697,"IDEALPRO","USD.CNH",0,6.70377,6.70408,0
2022-07-04,85121584,"IDEALPRO","USD.CNH",0,6.7038,6.70408,0
2022-07-04,85122914,"IDEALPRO","USD.CNH",0,6.70389,6.70432,0
2022-07-04,85123580,"IDEALPRO","USD.CNH",0,6.70378,6.70422,0
2022-07-04,85124911,"IDEALPRO","USD.CNH",0,6.70368,6.70414,0
2022-07-04,85125577,"IDEALPRO","USD.CNH",0,6.70389,6.70441,0
2022-07-04,85126907,"IDEALPRO","USD.CNH",0,6.7037,6.70428,0
2022-07-04,85127573,"IDEALPRO","USD.CNH",0,6.7039,6.70434,0
2022-07-04,85128903,"IDEALPRO","USD.CNH",0,6.70378,6.70432,0
2022-07-04,85129348,"IDEALPRO","USD.CNH",0,6.70382,6.70433,0
2022-07-04,85131382,"IDEALPRO","USD.CNH",0,6.70382,6.70431,0
2022-07-04,85132048,"IDEALPRO","USD.CNH",0,6.70382,6.70431,0
2022-07-04,85133380,"IDEALPRO","USD.CNH",0,6.70382,6.70433,0
2022-07-04,85136262,"IDEALPRO","USD.CNH",0,6.70382,6.70434,0
2022-07-04,85137815,"IDEALPRO","USD.CNH",0,6.70369,6.70416,0
2022-07-04,85138702,"IDEALPRO","USD.CNH",0,6.70355,6.7041,0
2022-07-04,85139172,"IDEALPRO","USD.CNH",0,6.70355,6.70414,0
2022-07-04,85140985,"IDEALPRO","USD.CNH",0,6.70354,6.70414,0
2022-07-04,85141649,"IDEALPRO","USD.CNH",0,6.70358,6.70414,0
2022-07-04,85142757,"IDEALPRO","USD.CNH",0,6.7038,6.70383,0
2022-07-04,85143642,"IDEALPRO","USD.CNH",0,6.70377,6.7042,0
2022-07-04,85144972,"IDEALPRO","USD.CNH",0,6.70369,6.70408,0
2022-07-04,85146080,"IDEALPRO","USD.CNH",0,6.70367,6.70408,0
2022-07-04,85147415,"IDEALPRO","USD.CNH",0,6.70368,6.70408,0
2022-07-04,85151864,"IDEALPRO","USD.CNH",0,6.70371,6.70406,0
2022-07-04,85200874,"IDEALPRO","USD.CNH",0,6.70359,6.70406,0
2022-07-04,85201761,"IDEALPRO","USD.CNH",0,6.70362,6.70406,0
2022-07-04,85202204,"IDEALPRO","USD.CNH",0,6.7036,6.70406,0
2022-07-04,85203757,"IDEALPRO","USD.CNH",0,6.70315,6.70361,0
2022-07-04,85204421,"IDEALPRO","USD.CNH",0,6.70312,6.70366,0
2022-07-04,85205973,"IDEALPRO","USD.CNH",0,6.70321,6.70374,0
2022-07-04,85206417,"IDEALPRO","USD.CNH",0,6.70319,6.70373,0
2022-07-04,85208856,"IDEALPRO","USD.CNH",0,6.70315,6.70368,0
2022-07-04,85209520,"IDEALPRO","USD.CNH",0,6.70317,6.70368,0
2022-07-04,85210668,"IDEALPRO","USD.CNH",0,6.70313,6.70368,0
2022-07-04,85211555,"IDEALPRO","USD.CNH",0,6.70313,6.70368,0
2022-07-04,85213994,"IDEALPRO","USD.CNH",0,6.70312,6.70358,0
2022-07-04,85215989,"IDEALPRO","USD.CNH",0,6.70313,6.70358,0
2022-07-04,85216211,"IDEALPRO","USD.CNH",0,6.70313,6.70358,0
2022-07-04,85219577,"IDEALPRO","USD.CNH",0,6.70312,6.70358,0
2022-07-04,85224177,"IDEALPRO","USD.CNH",0,6.70311,6.70358,0
2022-07-04,85225507,"IDEALPRO","USD.CNH",0,6.70298,6.70341,0
2022-07-04,85231755,"IDEALPRO","USD.CNH",0,6.70281,6.70324,0
2022-07-04,85232199,"IDEALPRO","USD.CNH",0,6.70283,6.70324,0
2022-07-04,85233972,"IDEALPRO","USD.CNH",0,6.70285,6.7033,0
2022-07-04,85236633,"IDEALPRO","USD.CNH",0,6.70285,6.70331,0
2022-07-04,85237520,"IDEALPRO","USD.CNH",0,6.70285,6.70332,0
2022-07-04,85239514,"IDEALPRO","USD.CNH",0,6.70285,6.70331,0
2022-07-04,85240885,"IDEALPRO","USD.CNH",0,6.70279,6.70331,0
2022-07-04,85241992,"IDEALPRO","USD.CNH",0,6.70277,6.70333,0
2022-07-04,85242436,"IDEALPRO","USD.CNH",0,6.70282,6.70333,0
2022-07-04,85249753,"IDEALPRO","USD.CNH",0,6.70282,6.70326,0
2022-07-04,85250901,"IDEALPRO","USD.CNH",0,6.70255,6.70303,0
2022-07-04,85251789,"IDEALPRO","USD.CNH",0,6.70266,6.70278,0
2022-07-04,85252675,"IDEALPRO","USD.CNH",0,6.70247,6.70267,0
2022-07-04,85254228,"IDEALPRO","USD.CNH",0,6.70247,6.70278,0
2022-07-04,85255780,"IDEALPRO","USD.CNH",0,6.70247,6.70278,0
2022-07-04,85300919,"IDEALPRO","USD.CNH",0,6.70242,6.70274,0
2022-07-04,85302693,"IDEALPRO","USD.CNH",0,6.70238,6.70274,0
2022-07-04,85303359,"IDEALPRO","USD.CNH",0,6.70238,6.70275,0
2022-07-04,85304246,"IDEALPRO","USD.CNH",0,6.70237,6.70275,0
2022-07-04,85306907,"IDEALPRO","USD.CNH",0,6.70264,6.70305,0
2022-07-04,85307129,"IDEALPRO","USD.CNH",0,6.70264,6.70306,0
2022-07-04,85308681,"IDEALPRO","USD.CNH",0,6.70295,6.70329,0
2022-07-04,85309124,"IDEALPRO","USD.CNH",0,6.7029,6.70329,0
2022-07-04,85311159,"IDEALPRO","USD.CNH",0,6.7029,6.70323,0
2022-07-04,85312711,"IDEALPRO","USD.CNH",0,6.70298,6.70323,0
2022-07-04,85313597,"IDEALPRO","USD.CNH",0,6.70285,6.70314,0
2022-07-04,85314262,"IDEALPRO","USD.CNH",0,6.70303,6.70347,0
2022-07-04,85315813,"IDEALPRO","USD.CNH",0,6.70302,6.70347,0
2022-07-04,85316921,"IDEALPRO","USD.CNH",0,6.70306,6.70347,0
2022-07-04,85317366,"IDEALPRO","USD.CNH",0,6.70365,6.70401,0
2022-07-04,85318917,"IDEALPRO","USD.CNH",0,6.70357,6.70406,0
2022-07-04,85319772,"IDEALPRO","USD.CNH",0,6.70357,6.70406,0
2022-07-04,85320697,"IDEALPRO","USD.CNH",0,6.70357,6.70406,0
2022-07-04,85321363,"IDEALPRO","USD.CNH",0,6.70355,6.70406,0
2022-07-04,85323579,"IDEALPRO","USD.CNH",0,6.70351,6.70397,0
2022-07-04,85324909,"IDEALPRO","USD.CNH",0,6.70348,6.70399,0
2022-07-04,85325575,"IDEALPRO","USD.CNH",0,6.70343,6.70399,0
2022-07-04,85327917,"IDEALPRO","USD.CNH",0,6.70317,6.70361,0
2022-07-04,85328804,"IDEALPRO","USD.CNH",0,6.70318,6.70365,0
2022-07-04,85329469,"IDEALPRO","USD.CNH",0,6.70322,6.70365,0
2022-07-04,85331946,"IDEALPRO","USD.CNH",0,6.70347,6.70394,0
2022-07-04,85332834,"IDEALPRO","USD.CNH",0,6.70344,6.70393,0
2022-07-04,85333720,"IDEALPRO","USD.CNH",0,6.70342,6.70388,0
2022-07-04,85335841,"IDEALPRO","USD.CNH",0,6.70342,6.70397,0
2022-07-04,85336949,"IDEALPRO","USD.CNH",0,6.70349,6.70394,0
2022-07-04,85337614,"IDEALPRO","USD.CNH",0,6.70349,6.70397,0
2022-07-04,85342695,"IDEALPRO","USD.CNH",0,6.70347,6.70397,0
2022-07-04,85343802,"IDEALPRO","USD.CNH",0,6.70346,6.70397,0
2022-07-04,85346463,"IDEALPRO","USD.CNH",0,6.70346,6.70393,0
2022-07-04,85347793,"IDEALPRO","USD.CNH",0,6.70346,6.70397,0
2022-07-04,85348900,"IDEALPRO","USD.CNH",0,6.70344,6.7038,0
2022-07-04,85349566,"IDEALPRO","USD.CNH",0,6.70332,6.7038,0
2022-07-04,85350713,"IDEALPRO","USD.CNH",0,6.70335,6.7038,0
2022-07-04,85351600,"IDEALPRO","USD.CNH",0,6.70344,6.704,0
