"InternalDate","Time","Exchange","Symbol","BidPrice2","BidPrice1","AskPrice1","AskPrice2"
2022-07-07,64005089,"IDEALPRO","USD.CNH",0,6.71322,6.71498,0
2022-07-07,64015307,"IDEALPRO","USD.CNH",0,6.71322,6.71498,0
2022-07-07,64035330,"IDEALPRO","USD.CNH",0,6.71322,6.71498,0
2022-07-07,64040639,"IDEALPRO","USD.CNH",0,6.71321,6.71498,0
2022-07-07,64111288,"IDEALPRO","USD.CNH",0,6.71321,6.715,0
2022-07-07,64129419,"IDEALPRO","USD.CNH",0,6.71321,6.71502,0
2022-07-07,64134936,"IDEALPRO","USD.CNH",0,6.71321,6.71502,0
2022-07-07,64142175,"IDEALPRO","USD.CNH",0,6.71321,6.71502,0
2022-07-07,64242304,"IDEALPRO","USD.CNH",0,6.71321,6.71502,0
2022-07-07,64348585,"IDEALPRO","USD.CNH",0,6.71291,6.71465,0
2022-07-07,64359698,"IDEALPRO","USD.CNH",0,6.71294,6.71465,0
2022-07-07,64401969,"IDEALPRO","USD.CNH",0,6.71294,6.71462,0
2022-07-07,64411115,"IDEALPRO","USD.CNH",0,6.71296,6.71462,0
2022-07-07,64414863,"IDEALPRO","USD.CNH",0,6.71316,6.7149,0
2022-07-07,64434921,"IDEALPRO","USD.CNH",0,6.71316,6.71492,0
2022-07-07,64451848,"IDEALPRO","USD.CNH",0,6.71316,6.71492,0
2022-07-07,64452115,"IDEALPRO","USD.CNH",0,6.71316,6.71491,0
2022-07-07,64454627,"IDEALPRO","USD.CNH",0,6.71303,6.71486,0
2022-07-07,64455353,"IDEALPRO","USD.CNH",0,6.71317,6.71486,0
2022-07-07,64456723,"IDEALPRO","USD.CNH",0,6.7131,6.71486,0
2022-07-07,64457457,"IDEALPRO","USD.CNH",0,6.71317,6.71486,0
2022-07-07,64458527,"IDEALPRO","USD.CNH",0,6.71304,6.71486,0
2022-07-07,64459561,"IDEALPRO","USD.CNH",0,6.71317,6.71483,0
2022-07-07,64500797,"IDEALPRO","USD.CNH",0,6.7131,6.71475,0
2022-07-07,64501698,"IDEALPRO","USD.CNH",0,6.71317,6.71475,0
2022-07-07,64502769,"IDEALPRO","USD.CNH",0,6.71304,6.71475,0
2022-07-07,64503768,"IDEALPRO","USD.CNH",0,6.71318,6.71475,0
2022-07-07,64504820,"IDEALPRO","USD.CNH",0,6.71311,6.71475,0
2022-07-07,64505771,"IDEALPRO","USD.CNH",0,6.71314,6.71475,0
2022-07-07,64508944,"IDEALPRO","USD.CNH",0,6.71311,6.71475,0
2022-07-07,64509978,"IDEALPRO","USD.CNH",0,6.71314,6.71475,0
2022-07-07,64511147,"IDEALPRO","USD.CNH",0,6.71311,6.71475,0
2022-07-07,64512218,"IDEALPRO","USD.CNH",0,6.71318,6.71475,0
2022-07-07,64513250,"IDEALPRO","USD.CNH",0,6.71315,6.71475,0
2022-07-07,64514252,"IDEALPRO","USD.CNH",0,6.71315,6.7149,0
2022-07-07,64519595,"IDEALPRO","USD.CNH",0,6.71318,6.7149,0
2022-07-07,64546338,"IDEALPRO","USD.CNH",0,6.71318,6.71475,0
2022-07-07,64551846,"IDEALPRO","USD.CNH",0,6.71318,6.71475,0
2022-07-07,64600929,"IDEALPRO","USD.CNH",0,6.71318,6.71486,0
2022-07-07,64601196,"IDEALPRO","USD.CNH",0,6.71348,6.71521,0
2022-07-07,64607498,"IDEALPRO","USD.CNH",0,6.71349,6.71521,0
2022-07-07,64627408,"IDEALPRO","USD.CNH",0,6.71346,6.71521,0
2022-07-07,64639662,"IDEALPRO","USD.CNH",0,6.71342,6.71521,0
2022-07-07,64653715,"IDEALPRO","USD.CNH",0,6.71339,6.71521,0
2022-07-07,64713050,"IDEALPRO","USD.CNH",0,6.71336,6.71521,0
2022-07-07,64720496,"IDEALPRO","USD.CNH",0,6.71335,6.71521,0
2022-07-07,64747407,"IDEALPRO","USD.CNH",0,6.71333,6.71521,0
2022-07-07,64822766,"IDEALPRO","USD.CNH",0,6.71328,6.71521,0
2022-07-07,65152619,"IDEALPRO","USD.CNH",0,6.71332,6.71531,0
2022-07-07,65155653,"IDEALPRO","USD.CNH",0,6.71338,6.71531,0
2022-07-07,65205470,"IDEALPRO","USD.CNH",0,6.71337,6.71531,0
2022-07-07,65224369,"IDEALPRO","USD.CNH",0,6.71291,6.71531,0
2022-07-07,65225480,"IDEALPRO","USD.CNH",0,6.71336,6.71531,0
2022-07-07,65226672,"IDEALPRO","USD.CNH",0,6.71292,6.71531,0
2022-07-07,65227774,"IDEALPRO","USD.CNH",0,6.71334,6.71531,0
2022-07-07,65228776,"IDEALPRO","USD.CNH",0,6.71292,6.71531,0
2022-07-07,65229777,"IDEALPRO","USD.CNH",0,6.71337,6.71531,0
2022-07-07,65230847,"IDEALPRO","USD.CNH",0,6.71293,6.71531,0
2022-07-07,65231918,"IDEALPRO","USD.CNH",0,6.71332,6.71531,0
2022-07-07,65232782,"IDEALPRO","USD.CNH",0,6.71293,6.71531,0
2022-07-07,65233783,"IDEALPRO","USD.CNH",0,6.71336,6.71531,0
2022-07-07,65234894,"IDEALPRO","USD.CNH",0,6.71315,6.71531,0
2022-07-07,65236920,"IDEALPRO","USD.CNH",0,6.71315,6.71531,0
2022-07-07,65238091,"IDEALPRO","USD.CNH",0,6.71338,6.71531,0
2022-07-07,65239024,"IDEALPRO","USD.CNH",0,6.71315,6.71531,0
2022-07-07,65240096,"IDEALPRO","USD.CNH",0,6.71335,6.71531,0
2022-07-07,65241128,"IDEALPRO","USD.CNH",0,6.71314,6.71531,0
2022-07-07,65242229,"IDEALPRO","USD.CNH",0,6.71337,6.71531,0
2022-07-07,65243300,"IDEALPRO","USD.CNH",0,6.71314,6.71531,0
2022-07-07,65244300,"IDEALPRO","USD.CNH",0,6.71337,6.71531,0
2022-07-07,65247805,"IDEALPRO","USD.CNH",0,6.71336,6.71531,0
2022-07-07,65302660,"IDEALPRO","USD.CNH",0,6.71334,6.71531,0
2022-07-07,65317982,"IDEALPRO","USD.CNH",0,6.71333,6.71531,0
2022-07-07,65410704,"IDEALPRO","USD.CNH",0,6.7133,6.71531,0
2022-07-07,65630010,"IDEALPRO","USD.CNH",0,6.7133,6.71532,0
2022-07-07,65640026,"IDEALPRO","USD.CNH",0,6.7133,6.71533,0
2022-07-07,65701562,"IDEALPRO","USD.CNH",0,6.71329,6.71531,0
2022-07-07,65822772,"IDEALPRO","USD.CNH",0,6.71328,6.71531,0
2022-07-07,65836514,"IDEALPRO","USD.CNH",0,6.71329,6.71531,0
2022-07-07,65951892,"IDEALPRO","USD.CNH",0,6.7133,6.71531,0
2022-07-07,65953660,"IDEALPRO","USD.CNH",0,6.7133,6.71532,0
2022-07-07,65955072,"IDEALPRO","USD.CNH",0,6.71286,6.71533,0
2022-07-07,65956966,"IDEALPRO","USD.CNH",0,6.71286,6.71533,0
2022-07-07,65958336,"IDEALPRO","USD.CNH",0,6.71331,6.71533,0
2022-07-07,65959139,"IDEALPRO","USD.CNH",0,6.71287,6.71533,0
2022-07-07,70000507,"IDEALPRO","USD.CNH",0,6.71337,6.71559,0
2022-07-07,70001310,"IDEALPRO","USD.CNH",0,6.7129,6.71558,0
2022-07-07,70002379,"IDEALPRO","USD.CNH",0,6.71343,6.71559,0
2022-07-07,70003450,"IDEALPRO","USD.CNH",0,6.7129,6.71556,0
2022-07-07,70004823,"IDEALPRO","USD.CNH",0,6.71343,6.71555,0
2022-07-07,70005666,"IDEALPRO","USD.CNH",0,6.71312,6.71555,0
2022-07-07,70006737,"IDEALPRO","USD.CNH",0,6.71343,6.71555,0
2022-07-07,70007809,"IDEALPRO","USD.CNH",0,6.71312,6.71555,0
2022-07-07,70008881,"IDEALPRO","USD.CNH",0,6.71343,6.71555,0
2022-07-07,70009952,"IDEALPRO","USD.CNH",0,6.71313,6.71555,0
2022-07-07,70011023,"IDEALPRO","USD.CNH",0,6.71345,6.71555,0
2022-07-07,70012898,"IDEALPRO","USD.CNH",0,6.71343,6.71555,0
2022-07-07,70013969,"IDEALPRO","USD.CNH",0,6.71312,6.71555,0
2022-07-07,70015081,"IDEALPRO","USD.CNH",0,6.71345,6.71555,0
2022-07-07,70043517,"IDEALPRO","USD.CNH",0,6.71345,6.71552,0
2022-07-07,70055718,"IDEALPRO","USD.CNH",0,6.71341,6.71552,0
2022-07-07,70101247,"IDEALPRO","USD.CNH",0,6.71343,6.71548,0
2022-07-07,70102882,"IDEALPRO","USD.CNH",0,6.71343,6.71552,0
2022-07-07,70104587,"IDEALPRO","USD.CNH",0,6.71347,6.71552,0
2022-07-07,70126123,"IDEALPRO","USD.CNH",0,6.71347,6.7157,0
2022-07-07,70127523,"IDEALPRO","USD.CNH",0,6.71347,6.7156,0
2022-07-07,70134776,"IDEALPRO","USD.CNH",0,6.71345,6.7156,0
2022-07-07,70149661,"IDEALPRO","USD.CNH",0,6.715,6.71607,0
2022-07-07,70150196,"IDEALPRO","USD.CNH",0,6.715,6.71606,0
2022-07-07,70151031,"IDEALPRO","USD.CNH",0,6.7151,6.71603,0
2022-07-07,70152101,"IDEALPRO","USD.CNH",0,6.7151,6.71604,0
2022-07-07,70153440,"IDEALPRO","USD.CNH",0,6.7151,6.71593,0
2022-07-07,70201450,"IDEALPRO","USD.CNH",0,6.7151,6.71595,0
2022-07-07,70205194,"IDEALPRO","USD.CNH",0,6.7151,6.71594,0
2022-07-07,70210264,"IDEALPRO","USD.CNH",0,6.7151,6.71593,0
2022-07-07,70214243,"IDEALPRO","USD.CNH",0,6.7151,6.71591,0
2022-07-07,70250767,"IDEALPRO","USD.CNH",0,6.71513,6.71591,0
2022-07-07,70311466,"IDEALPRO","USD.CNH",0,6.71513,6.71589,0
2022-07-07,70411108,"IDEALPRO","USD.CNH",0,6.71513,6.71589,0
2022-07-07,70424536,"IDEALPRO","USD.CNH",0,6.71514,6.7159,0
2022-07-07,70426182,"IDEALPRO","USD.CNH",0,6.71513,6.7159,0
2022-07-07,70427253,"IDEALPRO","USD.CNH",0,6.71513,6.71588,0
2022-07-07,70428029,"IDEALPRO","USD.CNH",0,6.71513,6.71588,0
2022-07-07,70555719,"IDEALPRO","USD.CNH",0,6.71513,6.71588,0
2022-07-07,70632499,"IDEALPRO","USD.CNH",0,6.71513,6.71593,0
2022-07-07,70639231,"IDEALPRO","USD.CNH",0,6.71513,6.7159,0
2022-07-07,70650736,"IDEALPRO","USD.CNH",0,6.71511,6.71587,0
2022-07-07,70700483,"IDEALPRO","USD.CNH",0,6.71513,6.71587,0
2022-07-07,70724090,"IDEALPRO","USD.CNH",0,6.71508,6.71586,0
2022-07-07,70725201,"IDEALPRO","USD.CNH",0,6.71513,6.71586,0
2022-07-07,70726271,"IDEALPRO","USD.CNH",0,6.71508,6.71586,0
2022-07-07,70727341,"IDEALPRO","USD.CNH",0,6.71513,6.71586,0
2022-07-07,70728413,"IDEALPRO","USD.CNH",0,6.71508,6.71586,0
2022-07-07,70729502,"IDEALPRO","USD.CNH",0,6.71513,6.71586,0
2022-07-07,70730603,"IDEALPRO","USD.CNH",0,6.71508,6.71586,0
2022-07-07,70731369,"IDEALPRO","USD.CNH",0,6.71513,6.71586,0
2022-07-07,70732371,"IDEALPRO","USD.CNH",0,6.71508,6.71586,0
2022-07-07,70733473,"IDEALPRO","USD.CNH",0,6.71513,6.71586,0
2022-07-07,70734544,"IDEALPRO","USD.CNH",0,6.71509,6.71586,0
2022-07-07,70735679,"IDEALPRO","USD.CNH",0,6.71513,6.71586,0
2022-07-07,70736546,"IDEALPRO","USD.CNH",0,6.71509,6.71586,0
2022-07-07,70737615,"IDEALPRO","USD.CNH",0,6.71513,6.71586,0
2022-07-07,70738685,"IDEALPRO","USD.CNH",0,6.7151,6.71586,0
2022-07-07,70739755,"IDEALPRO","USD.CNH",0,6.71513,6.71586,0
2022-07-07,70740953,"IDEALPRO","USD.CNH",0,6.7151,6.71586,0
2022-07-07,70742022,"IDEALPRO","USD.CNH",0,6.71513,6.71586,0
2022-07-07,70743895,"IDEALPRO","USD.CNH",0,6.71513,6.71586,0
2022-07-07,70808697,"IDEALPRO","USD.CNH",0,6.71521,6.71594,0
2022-07-07,70812177,"IDEALPRO","USD.CNH",0,6.71521,6.71601,0
2022-07-07,70816487,"IDEALPRO","USD.CNH",0,6.71522,6.71601,0
2022-07-07,70839949,"IDEALPRO","USD.CNH",0,6.71519,6.71601,0
2022-07-07,70844522,"IDEALPRO","USD.CNH",0,6.71519,6.71603,0
2022-07-07,70916649,"IDEALPRO","USD.CNH",0,6.71517,6.71603,0
2022-07-07,70925059,"IDEALPRO","USD.CNH",0,6.71517,6.71644,0
2022-07-07,70927956,"IDEALPRO","USD.CNH",0,6.71517,6.71637,0
2022-07-07,70930127,"IDEALPRO","USD.CNH",0,6.71517,6.71625,0
2022-07-07,70936071,"IDEALPRO","USD.CNH",0,6.71517,6.71614,0
2022-07-07,70941148,"IDEALPRO","USD.CNH",0,6.71517,6.71614,0
2022-07-07,70943288,"IDEALPRO","USD.CNH",0,6.71517,6.71603,0
2022-07-07,70944092,"IDEALPRO","USD.CNH",0,6.71517,6.71614,0
2022-07-07,70947888,"IDEALPRO","USD.CNH",0,6.71517,6.71603,0
2022-07-07,70949024,"IDEALPRO","USD.CNH",0,6.71517,6.71614,0
2022-07-07,70951831,"IDEALPRO","USD.CNH",0,6.71517,6.71603,0
2022-07-07,70952964,"IDEALPRO","USD.CNH",0,6.71517,6.71614,0
2022-07-07,70954877,"IDEALPRO","USD.CNH",0,6.71517,6.71603,0
2022-07-07,70956505,"IDEALPRO","USD.CNH",0,6.71517,6.71614,0
2022-07-07,71003159,"IDEALPRO","USD.CNH",0,6.71517,6.71603,0
2022-07-07,71006920,"IDEALPRO","USD.CNH",0,6.71516,6.71614,0
2022-07-07,71024154,"IDEALPRO","USD.CNH",0,6.71516,6.71603,0
2022-07-07,71051839,"IDEALPRO","USD.CNH",0,6.71516,6.71625,0
2022-07-07,71052643,"IDEALPRO","USD.CNH",0,6.71516,6.71637,0
2022-07-07,71053447,"IDEALPRO","USD.CNH",0,6.71516,6.71646,0
2022-07-07,71055092,"IDEALPRO","USD.CNH",0,6.71516,6.71637,0
2022-07-07,71058842,"IDEALPRO","USD.CNH",0,6.71516,6.71646,0
2022-07-07,71059645,"IDEALPRO","USD.CNH",0,6.71516,6.71637,0
2022-07-07,71101619,"IDEALPRO","USD.CNH",0,6.71516,6.71646,0
2022-07-07,71102988,"IDEALPRO","USD.CNH",0,6.71516,6.71603,0
2022-07-07,71104063,"IDEALPRO","USD.CNH",0,6.71516,6.71614,0
2022-07-07,71106830,"IDEALPRO","USD.CNH",0,6.71516,6.71603,0
2022-07-07,71110576,"IDEALPRO","USD.CNH",0,6.71515,6.71603,0
2022-07-07,71119418,"IDEALPRO","USD.CNH",0,6.71515,6.71605,0
2022-07-07,71136311,"IDEALPRO","USD.CNH",0,6.71515,6.71592,0
2022-07-07,71208302,"IDEALPRO","USD.CNH",0,6.71515,6.71596,0
2022-07-07,71236356,"IDEALPRO","USD.CNH",0,6.71515,6.71591,0
2022-07-07,71252039,"IDEALPRO","USD.CNH",0,6.71515,6.7159,0
2022-07-07,71305333,"IDEALPRO","USD.CNH",0,6.71515,6.71594,0
2022-07-07,71316726,"IDEALPRO","USD.CNH",0,6.71516,6.71594,0
2022-07-07,71336544,"IDEALPRO","USD.CNH",0,6.71516,6.71589,0
2022-07-07,71355452,"IDEALPRO","USD.CNH",0,6.71516,6.71593,0
2022-07-07,71403290,"IDEALPRO","USD.CNH",0,6.71516,6.71597,0
2022-07-07,71406294,"IDEALPRO","USD.CNH",0,6.71516,6.71592,0
2022-07-07,71426799,"IDEALPRO","USD.CNH",0,6.71515,6.71595,0
2022-07-07,71429938,"IDEALPRO","USD.CNH",0,6.71511,6.71592,0
2022-07-07,71441025,"IDEALPRO","USD.CNH",0,6.71511,6.71615,0
2022-07-07,71449304,"IDEALPRO","USD.CNH",0,6.71511,6.71617,0
2022-07-07,71454956,"IDEALPRO","USD.CNH",0,6.71508,6.71617,0
2022-07-07,71456833,"IDEALPRO","USD.CNH",0,6.71508,6.71615,0
2022-07-07,71458173,"IDEALPRO","USD.CNH",0,6.71516,6.71615,0
2022-07-07,71459245,"IDEALPRO","USD.CNH",0,6.71508,6.71615,0
2022-07-07,71500048,"IDEALPRO","USD.CNH",0,6.71512,6.71615,0
2022-07-07,71501389,"IDEALPRO","USD.CNH",0,6.71508,6.71615,0
2022-07-07,71502192,"IDEALPRO","USD.CNH",0,6.71513,6.71615,0
2022-07-07,71503264,"IDEALPRO","USD.CNH",0,6.71508,6.71615,0
2022-07-07,71504334,"IDEALPRO","USD.CNH",0,6.71514,6.71615,0
2022-07-07,71505460,"IDEALPRO","USD.CNH",0,6.71509,6.71615,0
2022-07-07,71506533,"IDEALPRO","USD.CNH",0,6.7151,6.71615,0
2022-07-07,71508676,"IDEALPRO","USD.CNH",0,6.71514,6.71615,0
2022-07-07,71509747,"IDEALPRO","USD.CNH",0,6.71509,6.71615,0
2022-07-07,71510552,"IDEALPRO","USD.CNH",0,6.71517,6.71615,0
2022-07-07,71511623,"IDEALPRO","USD.CNH",0,6.71513,6.71615,0
2022-07-07,71513883,"IDEALPRO","USD.CNH",0,6.71509,6.71615,0
2022-07-07,71514994,"IDEALPRO","USD.CNH",0,6.71513,6.71615,0
2022-07-07,71519740,"IDEALPRO","USD.CNH",0,6.71517,6.71615,0
2022-07-07,71532392,"IDEALPRO","USD.CNH",0,6.71517,6.71617,0
2022-07-07,71536501,"IDEALPRO","USD.CNH",0,6.71517,6.71614,0
2022-07-07,71543534,"IDEALPRO","USD.CNH",0,6.71517,6.71614,0
2022-07-07,71554222,"IDEALPRO","USD.CNH",0,6.71517,6.71616,0
2022-07-07,71558023,"IDEALPRO","USD.CNH",0,6.71516,6.71616,0
2022-07-07,71559359,"IDEALPRO","USD.CNH",0,6.71516,6.71608,0
2022-07-07,71617426,"IDEALPRO","USD.CNH",0,6.71516,6.71606,0
2022-07-07,71636536,"IDEALPRO","USD.CNH",0,6.71516,6.71609,0
2022-07-07,71641507,"IDEALPRO","USD.CNH",0,6.71516,6.71611,0
2022-07-07,71643649,"IDEALPRO","USD.CNH",0,6.71516,6.71611,0
2022-07-07,71752218,"IDEALPRO","USD.CNH",0,6.71516,6.71613,0
2022-07-07,71830452,"IDEALPRO","USD.CNH",0,6.71516,6.71615,0
2022-07-07,71855678,"IDEALPRO","USD.CNH",0,6.71515,6.71615,0
2022-07-07,71951044,"IDEALPRO","USD.CNH",0,6.71515,6.71611,0
2022-07-07,72017219,"IDEALPRO","USD.CNH",0,6.71515,6.71612,0
2022-07-07,72028473,"IDEALPRO","USD.CNH",0,6.71514,6.71612,0
2022-07-07,72100657,"IDEALPRO","USD.CNH",0,6.71513,6.71612,0
2022-07-07,72224897,"IDEALPRO","USD.CNH",0,6.71513,6.71612,0
2022-07-07,72225966,"IDEALPRO","USD.CNH",0,6.71513,6.71612,0
2022-07-07,72226960,"IDEALPRO","USD.CNH",0,6.71513,6.71612,0
2022-07-07,72227863,"IDEALPRO","USD.CNH",0,6.71513,6.71612,0
2022-07-07,72228933,"IDEALPRO","USD.CNH",0,6.71498,6.71612,0
2022-07-07,72229931,"IDEALPRO","USD.CNH",0,6.71509,6.71612,0
2022-07-07,72230200,"IDEALPRO","USD.CNH",0,6.71511,6.71612,0
2022-07-07,72232343,"IDEALPRO","USD.CNH",0,6.71512,6.71612,0
2022-07-07,72233105,"IDEALPRO","USD.CNH",0,6.71511,6.71612,0
2022-07-07,72242814,"IDEALPRO","USD.CNH",0,6.71511,6.71612,0
2022-07-07,72243885,"IDEALPRO","USD.CNH",0,6.71511,6.71613,0
2022-07-07,72244690,"IDEALPRO","USD.CNH",0,6.71511,6.71613,0
2022-07-07,72246495,"IDEALPRO","USD.CNH",0,6.71514,6.71613,0
2022-07-07,72253374,"IDEALPRO","USD.CNH",0,6.71514,6.71616,0
2022-07-07,72306797,"IDEALPRO","USD.CNH",0,6.71515,6.71616,0
2022-07-07,72353490,"IDEALPRO","USD.CNH",0,6.71515,6.7161,0
2022-07-07,72444266,"IDEALPRO","USD.CNH",0,6.71515,6.71608,0
2022-07-07,72446072,"IDEALPRO","USD.CNH",0,6.71515,6.71605,0
2022-07-07,72452179,"IDEALPRO","USD.CNH",0,6.71515,6.7161,0
2022-07-07,72526358,"IDEALPRO","USD.CNH",0,6.71515,6.71612,0
2022-07-07,72546315,"IDEALPRO","USD.CNH",0,6.71515,6.71617,0
2022-07-07,72557392,"IDEALPRO","USD.CNH",0,6.71515,6.71612,0
2022-07-07,72605230,"IDEALPRO","USD.CNH",0,6.71515,6.71608,0
2022-07-07,72629486,"IDEALPRO","USD.CNH",0,6.71506,6.71606,0
2022-07-07,72630556,"IDEALPRO","USD.CNH",0,6.71506,6.71607,0
2022-07-07,72631756,"IDEALPRO","USD.CNH",0,6.7156,6.71607,0
2022-07-07,72632560,"IDEALPRO","USD.CNH",0,6.7156,6.71576,0
2022-07-07,72633632,"IDEALPRO","USD.CNH",0,6.71348,6.71469,0
2022-07-07,72636497,"IDEALPRO","USD.CNH",0,6.71346,6.71469,0
2022-07-07,72639176,"IDEALPRO","USD.CNH",0,6.71343,6.7147,0
2022-07-07,72645026,"IDEALPRO","USD.CNH",0,6.71341,6.71472,0
2022-07-07,72651765,"IDEALPRO","USD.CNH",0,6.71339,6.71473,0
2022-07-07,72656702,"IDEALPRO","USD.CNH",0,6.71337,6.71475,0
2022-07-07,72706878,"IDEALPRO","USD.CNH",0,6.71335,6.71478,0
2022-07-07,72719173,"IDEALPRO","USD.CNH",0,6.71332,6.71481,0
2022-07-07,72734412,"IDEALPRO","USD.CNH",0,6.7133,6.71485,0
2022-07-07,72745589,"IDEALPRO","USD.CNH",0,6.71328,6.71486,0
2022-07-07,72808827,"IDEALPRO","USD.CNH",0,6.71325,6.7149,0
2022-07-07,72842890,"IDEALPRO","USD.CNH",0,6.71322,6.71494,0
2022-07-07,72856223,"IDEALPRO","USD.CNH",0,6.71319,6.71497,0
2022-07-07,72914408,"IDEALPRO","USD.CNH",0,6.71318,6.71499,0
2022-07-07,73119916,"IDEALPRO","USD.CNH",0,6.71318,6.71499,0
2022-07-07,73140079,"IDEALPRO","USD.CNH",0,6.71318,6.71499,0
2022-07-07,73151427,"IDEALPRO","USD.CNH",0,6.71318,6.71499,0
2022-07-07,73240910,"IDEALPRO","USD.CNH",0,6.71318,6.715,0
2022-07-07,73251257,"IDEALPRO","USD.CNH",0,6.71318,6.71497,0
2022-07-07,73322408,"IDEALPRO","USD.CNH",0,6.71318,6.715,0
2022-07-07,73327549,"IDEALPRO","USD.CNH",0,6.71318,6.71499,0
2022-07-07,73334276,"IDEALPRO","USD.CNH",0,6.71318,6.71495,0
2022-07-07,73336457,"IDEALPRO","USD.CNH",0,6.71318,6.71499,0
2022-07-07,73415340,"IDEALPRO","USD.CNH",0,6.71318,6.71477,0
2022-07-07,73434699,"IDEALPRO","USD.CNH",0,6.71316,6.71477,0
2022-07-07,73444048,"IDEALPRO","USD.CNH",0,6.71316,6.71476,0
2022-07-07,73450856,"IDEALPRO","USD.CNH",0,6.71339,6.71506,0
2022-07-07,73458269,"IDEALPRO","USD.CNH",0,6.71343,6.71506,0
2022-07-07,73513773,"IDEALPRO","USD.CNH",0,6.71347,6.71506,0
2022-07-07,73533376,"IDEALPRO","USD.CNH",0,6.7135,6.71506,0
2022-07-07,73552391,"IDEALPRO","USD.CNH",0,6.71353,6.71506,0
2022-07-07,73605672,"IDEALPRO","USD.CNH",0,6.71349,6.71473,0
2022-07-07,73612217,"IDEALPRO","USD.CNH",0,6.71349,6.71474,0
2022-07-07,73621964,"IDEALPRO","USD.CNH",0,6.71349,6.71473,0
2022-07-07,73631584,"IDEALPRO","USD.CNH",0,6.71351,6.71473,0
2022-07-07,73701508,"IDEALPRO","USD.CNH",0,6.71354,6.71473,0
2022-07-07,73706516,"IDEALPRO","USD.CNH",0,6.71354,6.71472,0
2022-07-07,73755636,"IDEALPRO","USD.CNH",0,6.71356,6.71472,0
2022-07-07,73834765,"IDEALPRO","USD.CNH",0,6.71359,6.71472,0
2022-07-07,73900845,"IDEALPRO","USD.CNH",0,6.71363,6.71475,0
2022-07-07,73904829,"IDEALPRO","USD.CNH",0,6.71359,6.71475,0
2022-07-07,74003185,"IDEALPRO","USD.CNH",0,6.7136,6.71475,0
2022-07-07,74315773,"IDEALPRO","USD.CNH",0,6.7136,6.71497,0
2022-07-07,74324877,"IDEALPRO","USD.CNH",0,6.71363,6.71492,0
2022-07-07,74343641,"IDEALPRO","USD.CNH",0,6.71362,6.71492,0
2022-07-07,74351042,"IDEALPRO","USD.CNH",0,6.71362,6.71482,0
2022-07-07,74354799,"IDEALPRO","USD.CNH",0,6.71362,6.71475,0
2022-07-07,74356711,"IDEALPRO","USD.CNH",0,6.71362,6.71482,0
2022-07-07,74357514,"IDEALPRO","USD.CNH",0,6.71362,6.71475,0
2022-07-07,74359924,"IDEALPRO","USD.CNH",0,6.71362,6.71482,0
2022-07-07,74400994,"IDEALPRO","USD.CNH",0,6.71362,6.71482,0
2022-07-07,74401530,"IDEALPRO","USD.CNH",0,6.71362,6.71492,0
2022-07-07,74452382,"IDEALPRO","USD.CNH",0,6.71362,6.71462,0
2022-07-07,74453184,"IDEALPRO","USD.CNH",0,6.71362,6.71469,0
2022-07-07,74454817,"IDEALPRO","USD.CNH",0,6.71362,6.71488,0
2022-07-07,74455085,"IDEALPRO","USD.CNH",0,6.71362,6.71492,0
2022-07-07,74457020,"IDEALPRO","USD.CNH",0,6.71362,6.71488,0
2022-07-07,74500232,"IDEALPRO","USD.CNH",0,6.71362,6.71492,0
2022-07-07,74509934,"IDEALPRO","USD.CNH",0,6.71362,6.7149,0
2022-07-07,74512623,"IDEALPRO","USD.CNH",0,6.71362,6.71492,0
2022-07-07,74534461,"IDEALPRO","USD.CNH",0,6.71362,6.71488,0
2022-07-07,74540339,"IDEALPRO","USD.CNH",0,6.71362,6.71492,0
2022-07-07,74610193,"IDEALPRO","USD.CNH",0,6.71362,6.71491,0
2022-07-07,74654748,"IDEALPRO","USD.CNH",0,6.71362,6.71492,0
2022-07-07,74716727,"IDEALPRO","USD.CNH",0,6.71362,6.71491,0
2022-07-07,74735440,"IDEALPRO","USD.CNH",0,6.71361,6.71491,0
2022-07-07,74819674,"IDEALPRO","USD.CNH",0,6.71362,6.71491,0
2022-07-07,74821549,"IDEALPRO","USD.CNH",0,6.71361,6.71491,0
2022-07-07,74837273,"IDEALPRO","USD.CNH",0,6.71362,6.71491,0
2022-07-07,75707559,"IDEALPRO","USD.CNH",0,6.7136,6.7149,0
2022-07-07,75803962,"IDEALPRO","USD.CNH",0,6.71359,6.7149,0
2022-07-07,75923929,"IDEALPRO","USD.CNH",0,6.71358,6.7149,0
2022-07-07,75955549,"IDEALPRO","USD.CNH",0,6.71388,6.71519,0
2022-07-07,75956643,"IDEALPRO","USD.CNH",0,6.71359,6.7149,0
2022-07-07,75958779,"IDEALPRO","USD.CNH",0,6.71362,6.71494,0
2022-07-07,80000385,"IDEALPRO","USD.CNH",0,6.71359,6.7149,0
2022-07-07,80001455,"IDEALPRO","USD.CNH",0,6.71363,6.71494,0
2022-07-07,80003061,"IDEALPRO","USD.CNH",0,6.71362,6.71494,0
2022-07-07,80009697,"IDEALPRO","USD.CNH",0,6.71366,6.71499,0
2022-07-07,80011036,"IDEALPRO","USD.CNH",0,6.7137,6.71503,0
2022-07-07,80012107,"IDEALPRO","USD.CNH",0,6.71369,6.71502,0
2022-07-07,80014787,"IDEALPRO","USD.CNH",0,6.71365,6.71498,0
2022-07-07,80016971,"IDEALPRO","USD.CNH",0,6.71367,6.71501,0
2022-07-07,80017774,"IDEALPRO","USD.CNH",0,6.71425,6.71579,0
2022-07-07,80018042,"IDEALPRO","USD.CNH",0,6.71434,6.71584,0
2022-07-07,80019383,"IDEALPRO","USD.CNH",0,6.71434,6.71578,0
2022-07-07,80020187,"IDEALPRO","USD.CNH",0,6.71437,6.71578,0
2022-07-07,80021258,"IDEALPRO","USD.CNH",0,6.71433,6.71575,0
2022-07-07,80022331,"IDEALPRO","USD.CNH",0,6.71446,6.7159,0
2022-07-07,80023939,"IDEALPRO","USD.CNH",0,6.71442,6.71587,0
2022-07-07,80024475,"IDEALPRO","USD.CNH",0,6.71457,6.71604,0
2022-07-07,80025854,"IDEALPRO","USD.CNH",0,6.7146,6.71608,0
2022-07-07,80030334,"IDEALPRO","USD.CNH",0,6.71453,6.71603,0
2022-07-07,80031673,"IDEALPRO","USD.CNH",0,6.71458,6.71609,0
2022-07-07,80033280,"IDEALPRO","USD.CNH",0,6.71456,6.71608,0
2022-07-07,80034889,"IDEALPRO","USD.CNH",0,6.7146,6.71612,0
2022-07-07,80040554,"IDEALPRO","USD.CNH",0,6.71458,6.71612,0
2022-07-07,80041625,"IDEALPRO","USD.CNH",0,6.71464,6.71617,0
2022-07-07,80042698,"IDEALPRO","USD.CNH",0,6.71465,6.71619,0
2022-07-07,80043770,"IDEALPRO","USD.CNH",0,6.71459,6.71614,0
2022-07-07,80044841,"IDEALPRO","USD.CNH",0,6.71456,6.71611,0
2022-07-07,80045952,"IDEALPRO","USD.CNH",0,6.7146,6.71616,0
2022-07-07,80047568,"IDEALPRO","USD.CNH",0,6.7143,6.71587,0
2022-07-07,80049446,"IDEALPRO","USD.CNH",0,6.71433,6.7159,0
2022-07-07,80050518,"IDEALPRO","USD.CNH",0,6.71432,6.71589,0
2022-07-07,80051321,"IDEALPRO","USD.CNH",0,6.71439,6.71597,0
2022-07-07,80052393,"IDEALPRO","USD.CNH",0,6.71436,6.71595,0
2022-07-07,80053738,"IDEALPRO","USD.CNH",0,6.71439,6.716,0
2022-07-07,80054274,"IDEALPRO","USD.CNH",0,6.71433,6.71592,0
2022-07-07,80058600,"IDEALPRO","USD.CNH",0,6.71432,6.71592,0
2022-07-07,80100743,"IDEALPRO","USD.CNH",0,6.71439,6.71596,0
2022-07-07,80101547,"IDEALPRO","USD.CNH",0,6.71465,6.71594,0
2022-07-07,80103152,"IDEALPRO","USD.CNH",0,6.71468,6.71595,0
2022-07-07,80104225,"IDEALPRO","USD.CNH",0,6.71468,6.71597,0
2022-07-07,80106441,"IDEALPRO","USD.CNH",0,6.71466,6.71596,0
2022-07-07,80108583,"IDEALPRO","USD.CNH",0,6.71469,6.71603,0
2022-07-07,80109388,"IDEALPRO","USD.CNH",0,6.71469,6.71599,0
2022-07-07,80110726,"IDEALPRO","USD.CNH",0,6.71471,6.71596,0
2022-07-07,80112601,"IDEALPRO","USD.CNH",0,6.71475,6.716,0
2022-07-07,80115586,"IDEALPRO","USD.CNH",0,6.71476,6.71602,0
2022-07-07,80116926,"IDEALPRO","USD.CNH",0,6.71475,6.71599,0
2022-07-07,80117729,"IDEALPRO","USD.CNH",0,6.7146,6.71575,0
2022-07-07,80118265,"IDEALPRO","USD.CNH",0,6.71459,6.71575,0
2022-07-07,80124963,"IDEALPRO","USD.CNH",0,6.7147,6.71577,0
2022-07-07,80128502,"IDEALPRO","USD.CNH",0,6.71471,6.71577,0
2022-07-07,80133860,"IDEALPRO","USD.CNH",0,6.71469,6.71575,0
2022-07-07,80134128,"IDEALPRO","USD.CNH",0,6.71471,6.71577,0
2022-07-07,80136579,"IDEALPRO","USD.CNH",0,6.71465,6.71576,0
2022-07-07,80137917,"IDEALPRO","USD.CNH",0,6.71462,6.71576,0
2022-07-07,80138989,"IDEALPRO","USD.CNH",0,6.71459,6.71573,0
2022-07-07,80139258,"IDEALPRO","USD.CNH",0,6.71461,6.71575,0
2022-07-07,80140061,"IDEALPRO","USD.CNH",0,6.71461,6.71576,0
2022-07-07,80150816,"IDEALPRO","USD.CNH",0,6.71458,6.71583,0
2022-07-07,80151889,"IDEALPRO","USD.CNH",0,6.71478,6.71587,0
2022-07-07,80152960,"IDEALPRO","USD.CNH",0,6.71482,6.71591,0
2022-07-07,80153496,"IDEALPRO","USD.CNH",0,6.71484,6.71592,0
2022-07-07,80154836,"IDEALPRO","USD.CNH",0,6.71487,6.71595,0
2022-07-07,80155947,"IDEALPRO","USD.CNH",0,6.71487,6.71595,0
2022-07-07,80200502,"IDEALPRO","USD.CNH",0,6.71491,6.71599,0
2022-07-07,80201573,"IDEALPRO","USD.CNH",0,6.71484,6.71586,0
2022-07-07,80202645,"IDEALPRO","USD.CNH",0,6.71487,6.71587,0
2022-07-07,80203985,"IDEALPRO","USD.CNH",0,6.71486,6.71587,0
2022-07-07,80204253,"IDEALPRO","USD.CNH",0,6.71484,6.71587,0
2022-07-07,80205862,"IDEALPRO","USD.CNH",0,6.71491,6.71597,0
2022-07-07,80206666,"IDEALPRO","USD.CNH",0,6.7149,6.71599,0
2022-07-07,80210710,"IDEALPRO","USD.CNH",0,6.71491,6.71593,0
2022-07-07,80211782,"IDEALPRO","USD.CNH",0,6.7149,6.71583,0
2022-07-07,80212853,"IDEALPRO","USD.CNH",0,6.71489,6.71597,0
2022-07-07,80213924,"IDEALPRO","USD.CNH",0,6.7149,6.71597,0
2022-07-07,80214997,"IDEALPRO","USD.CNH",0,6.71489,6.71597,0
2022-07-07,80215572,"IDEALPRO","USD.CNH",0,6.71471,6.71593,0
2022-07-07,80218787,"IDEALPRO","USD.CNH",0,6.7147,6.71593,0
2022-07-07,80220931,"IDEALPRO","USD.CNH",0,6.71462,6.71575,0
2022-07-07,80221198,"IDEALPRO","USD.CNH",0,6.71462,6.71574,0
2022-07-07,80222806,"IDEALPRO","USD.CNH",0,6.71459,6.71574,0
2022-07-07,80231151,"IDEALPRO","USD.CNH",0,6.71458,6.71573,0
2022-07-07,80233828,"IDEALPRO","USD.CNH",0,6.71456,6.71573,0
2022-07-07,80256778,"IDEALPRO","USD.CNH",0,6.71442,6.7156,0
2022-07-07,80257314,"IDEALPRO","USD.CNH",0,6.71446,6.71571,0
2022-07-07,80259995,"IDEALPRO","USD.CNH",0,6.71426,6.71551,0
2022-07-07,80300262,"IDEALPRO","USD.CNH",0,6.71422,6.71545,0
2022-07-07,80303477,"IDEALPRO","USD.CNH",0,6.71417,6.71542,0
2022-07-07,80304281,"IDEALPRO","USD.CNH",0,6.71418,6.71541,0
2022-07-07,80306749,"IDEALPRO","USD.CNH",0,6.71419,6.71541,0
2022-07-07,80307017,"IDEALPRO","USD.CNH",0,6.71418,6.71541,0
2022-07-07,80309964,"IDEALPRO","USD.CNH",0,6.71419,6.71542,0
2022-07-07,80310500,"IDEALPRO","USD.CNH",0,6.71418,6.71541,0
2022-07-07,80312913,"IDEALPRO","USD.CNH",0,6.71418,6.71542,0
2022-07-07,80313449,"IDEALPRO","USD.CNH",0,6.71445,6.71572,0
2022-07-07,80314788,"IDEALPRO","USD.CNH",0,6.7145,6.71573,0
2022-07-07,80315900,"IDEALPRO","USD.CNH",0,6.71418,6.71545,0
2022-07-07,80316971,"IDEALPRO","USD.CNH",0,6.71431,6.71545,0
2022-07-07,80317507,"IDEALPRO","USD.CNH",0,6.71431,6.71542,0
2022-07-07,80318847,"IDEALPRO","USD.CNH",0,6.71432,6.71544,0
2022-07-07,80319383,"IDEALPRO","USD.CNH",0,6.71431,6.71542,0
2022-07-07,80320455,"IDEALPRO","USD.CNH",0,6.71432,6.71542,0
2022-07-07,80324474,"IDEALPRO","USD.CNH",0,6.71431,6.7154,0
2022-07-07,80325010,"IDEALPRO","USD.CNH",0,6.71432,6.71541,0
2022-07-07,80327726,"IDEALPRO","USD.CNH",0,6.71432,6.71542,0
2022-07-07,80329843,"IDEALPRO","USD.CNH",0,6.71431,6.71541,0
2022-07-07,80330110,"IDEALPRO","USD.CNH",0,6.71432,6.71542,0
2022-07-07,80333858,"IDEALPRO","USD.CNH",0,6.71489,6.71612,0
2022-07-07,80334930,"IDEALPRO","USD.CNH",0,6.71464,6.71611,0
2022-07-07,80335773,"IDEALPRO","USD.CNH",0,6.71467,6.71616,0
2022-07-07,80337649,"IDEALPRO","USD.CNH",0,6.7146,6.7161,0
2022-07-07,80338988,"IDEALPRO","USD.CNH",0,6.71467,6.71615,0
2022-07-07,80339256,"IDEALPRO","USD.CNH",0,6.71462,6.71611,0
2022-07-07,80340864,"IDEALPRO","USD.CNH",0,6.71473,6.71612,0
2022-07-07,80341936,"IDEALPRO","USD.CNH",0,6.71474,6.71614,0
2022-07-07,80342739,"IDEALPRO","USD.CNH",0,6.71473,6.7161,0
2022-07-07,80343811,"IDEALPRO","USD.CNH",0,6.71473,6.71614,0
2022-07-07,80344883,"IDEALPRO","USD.CNH",0,6.71491,6.71605,0
2022-07-07,80345725,"IDEALPRO","USD.CNH",0,6.71491,6.71607,0
2022-07-07,80347345,"IDEALPRO","USD.CNH",0,6.71493,6.71609,0
2022-07-07,80349756,"IDEALPRO","USD.CNH",0,6.71493,6.71609,0
2022-07-07,80350828,"IDEALPRO","USD.CNH",0,6.7149,6.71606,0
2022-07-07,80351900,"IDEALPRO","USD.CNH",0,6.71495,6.71611,0
2022-07-07,80352971,"IDEALPRO","USD.CNH",0,6.71482,6.71599,0
2022-07-07,80353775,"IDEALPRO","USD.CNH",0,6.71493,6.71609,0
2022-07-07,80354311,"IDEALPRO","USD.CNH",0,6.71491,6.71607,0
2022-07-07,80355423,"IDEALPRO","USD.CNH",0,6.71489,6.71605,0
2022-07-07,80357298,"IDEALPRO","USD.CNH",0,6.7149,6.71606,0
2022-07-07,80358369,"IDEALPRO","USD.CNH",0,6.71489,6.71605,0
2022-07-07,80359709,"IDEALPRO","USD.CNH",0,6.7149,6.71606,0
2022-07-07,80400514,"IDEALPRO","USD.CNH",0,6.71482,6.71599,0
2022-07-07,80404806,"IDEALPRO","USD.CNH",0,6.71484,6.71601,0
2022-07-07,80405100,"IDEALPRO","USD.CNH",0,6.71487,6.71603,0
2022-07-07,80406480,"IDEALPRO","USD.CNH",0,6.7148,6.71607,0
2022-07-07,80407821,"IDEALPRO","USD.CNH",0,6.7148,6.71604,0
2022-07-07,80408892,"IDEALPRO","USD.CNH",0,6.71481,6.71607,0
2022-07-07,80409963,"IDEALPRO","USD.CNH",0,6.71481,6.71607,0
2022-07-07,80410499,"IDEALPRO","USD.CNH",0,6.71481,6.71608,0
2022-07-07,80411838,"IDEALPRO","USD.CNH",0,6.71482,6.71609,0
2022-07-07,80412910,"IDEALPRO","USD.CNH",0,6.71482,6.71609,0
2022-07-07,80413981,"IDEALPRO","USD.CNH",0,6.71481,6.71607,0
2022-07-07,80414784,"IDEALPRO","USD.CNH",0,6.71481,6.71608,0
2022-07-07,80415052,"IDEALPRO","USD.CNH",0,6.71482,6.71609,0
2022-07-07,80416965,"IDEALPRO","USD.CNH",0,6.71483,6.71608,0
2022-07-07,80417233,"IDEALPRO","USD.CNH",0,6.71486,6.71612,0
2022-07-07,80420448,"IDEALPRO","USD.CNH",0,6.71484,6.71608,0
2022-07-07,80421519,"IDEALPRO","USD.CNH",0,6.71484,6.71611,0
2022-07-07,80425862,"IDEALPRO","USD.CNH",0,6.71484,6.71611,0
2022-07-07,80426665,"IDEALPRO","USD.CNH",0,6.71484,6.71607,0
2022-07-07,80428005,"IDEALPRO","USD.CNH",0,6.71484,6.71611,0
2022-07-07,80429076,"IDEALPRO","USD.CNH",0,6.71486,6.71611,0
2022-07-07,80430951,"IDEALPRO","USD.CNH",0,6.71496,6.7161,0
2022-07-07,80431756,"IDEALPRO","USD.CNH",0,6.71499,6.71612,0
2022-07-07,80432024,"IDEALPRO","USD.CNH",0,6.71499,6.71616,0
2022-07-07,80433632,"IDEALPRO","USD.CNH",0,6.71499,6.71616,0
2022-07-07,80434435,"IDEALPRO","USD.CNH",0,6.715,6.71612,0
2022-07-07,80435238,"IDEALPRO","USD.CNH",0,6.715,6.71614,0
2022-07-07,80436349,"IDEALPRO","USD.CNH",0,6.715,6.7162,0
2022-07-07,80438761,"IDEALPRO","USD.CNH",0,6.71499,6.7162,0
2022-07-07,80439832,"IDEALPRO","USD.CNH",0,6.71497,6.7162,0
2022-07-07,80443853,"IDEALPRO","USD.CNH",0,6.71496,6.71612,0
2022-07-07,80445768,"IDEALPRO","USD.CNH",0,6.71497,6.71612,0
2022-07-07,80446036,"IDEALPRO","USD.CNH",0,6.71497,6.71613,0
2022-07-07,80447912,"IDEALPRO","USD.CNH",0,6.71496,6.71614,0
2022-07-07,80449251,"IDEALPRO","USD.CNH",0,6.71497,6.71617,0
2022-07-07,80450590,"IDEALPRO","USD.CNH",0,6.71498,6.71615,0
2022-07-07,80453270,"IDEALPRO","USD.CNH",0,6.71498,6.71616,0
2022-07-07,80454610,"IDEALPRO","USD.CNH",0,6.71498,6.71615,0
2022-07-07,80456273,"IDEALPRO","USD.CNH",0,6.71498,6.71615,0
2022-07-07,80457880,"IDEALPRO","USD.CNH",0,6.71499,6.71612,0
2022-07-07,80458953,"IDEALPRO","USD.CNH",0,6.71498,6.71612,0
2022-07-07,80459758,"IDEALPRO","USD.CNH",0,6.71502,6.71614,0
2022-07-07,80500830,"IDEALPRO","USD.CNH",0,6.71495,6.71591,0
2022-07-07,80501901,"IDEALPRO","USD.CNH",0,6.71486,6.71589,0
2022-07-07,80502972,"IDEALPRO","USD.CNH",0,6.71486,6.7159,0
2022-07-07,80503240,"IDEALPRO","USD.CNH",0,6.71491,6.71601,0
2022-07-07,80504834,"IDEALPRO","USD.CNH",0,6.71505,6.71607,0
2022-07-07,80505677,"IDEALPRO","USD.CNH",0,6.71506,6.71616,0
2022-07-07,80507016,"IDEALPRO","USD.CNH",0,6.71509,6.71619,0
2022-07-07,80508088,"IDEALPRO","USD.CNH",0,6.71508,6.7162,0
2022-07-07,80509159,"IDEALPRO","USD.CNH",0,6.71509,6.7162,0
2022-07-07,80510231,"IDEALPRO","USD.CNH",0,6.71507,6.71619,0
2022-07-07,80511838,"IDEALPRO","USD.CNH",0,6.71493,6.71605,0
2022-07-07,80513982,"IDEALPRO","USD.CNH",0,6.71491,6.71604,0
2022-07-07,80514518,"IDEALPRO","USD.CNH",0,6.71497,6.7161,0
2022-07-07,80516165,"IDEALPRO","USD.CNH",0,6.71497,6.71609,0
2022-07-07,80517506,"IDEALPRO","USD.CNH",0,6.71501,6.71612,0
2022-07-07,80518310,"IDEALPRO","USD.CNH",0,6.71502,6.71613,0
2022-07-07,80519382,"IDEALPRO","USD.CNH",0,6.71501,6.71612,0
2022-07-07,80523807,"IDEALPRO","USD.CNH",0,6.71498,6.71609,0
2022-07-07,80524611,"IDEALPRO","USD.CNH",0,6.71513,6.71569,0
2022-07-07,80527864,"IDEALPRO","USD.CNH",0,6.71514,6.71603,0
2022-07-07,80528936,"IDEALPRO","USD.CNH",0,6.71506,6.71599,0
2022-07-07,80529740,"IDEALPRO","USD.CNH",0,6.71506,6.71606,0
2022-07-07,80530276,"IDEALPRO","USD.CNH",0,6.71514,6.71585,0
2022-07-07,80531079,"IDEALPRO","USD.CNH",0,6.71518,6.71586,0
2022-07-07,80538633,"IDEALPRO","USD.CNH",0,6.71522,6.71586,0
2022-07-07,80539169,"IDEALPRO","USD.CNH",0,6.71523,6.71587,0
2022-07-07,80545905,"IDEALPRO","USD.CNH",0,6.71527,6.71587,0
2022-07-07,80546977,"IDEALPRO","USD.CNH",0,6.71523,6.71587,0
2022-07-07,80547779,"IDEALPRO","USD.CNH",0,6.71523,6.71587,0
2022-07-07,80548316,"IDEALPRO","USD.CNH",0,6.7154,6.71602,0
2022-07-07,80550728,"IDEALPRO","USD.CNH",0,6.71541,6.71595,0
2022-07-07,80552604,"IDEALPRO","USD.CNH",0,6.71539,6.7159,0
2022-07-07,80553407,"IDEALPRO","USD.CNH",0,6.71542,6.71591,0
2022-07-07,80555590,"IDEALPRO","USD.CNH",0,6.71543,6.71591,0
2022-07-07,80556661,"IDEALPRO","USD.CNH",0,6.71544,6.71596,0
2022-07-07,80558807,"IDEALPRO","USD.CNH",0,6.71543,6.7164,0
2022-07-07,80559879,"IDEALPRO","USD.CNH",0,6.71584,6.71651,0
2022-07-07,80600147,"IDEALPRO","USD.CNH",0,6.71586,6.71643,0
2022-07-07,80602023,"IDEALPRO","USD.CNH",0,6.71592,6.71641,0
2022-07-07,80605943,"IDEALPRO","USD.CNH",0,6.71587,6.71634,0
2022-07-07,80606747,"IDEALPRO","USD.CNH",0,6.71587,6.71639,0
2022-07-07,80612909,"IDEALPRO","USD.CNH",0,6.71596,6.71644,0
2022-07-07,80613714,"IDEALPRO","USD.CNH",0,6.71582,6.7163,0
2022-07-07,80617777,"IDEALPRO","USD.CNH",0,6.71566,6.71618,0
2022-07-07,80618578,"IDEALPRO","USD.CNH",0,6.71566,6.71618,0
2022-07-07,80619114,"IDEALPRO","USD.CNH",0,6.71569,6.71618,0
2022-07-07,80620989,"IDEALPRO","USD.CNH",0,6.71564,6.71616,0
2022-07-07,80622596,"IDEALPRO","USD.CNH",0,6.71568,6.71616,0
2022-07-07,80624472,"IDEALPRO","USD.CNH",0,6.71569,6.71616,0
2022-07-07,80627191,"IDEALPRO","USD.CNH",0,6.71565,6.71616,0
2022-07-07,80628799,"IDEALPRO","USD.CNH",0,6.71556,6.71613,0
2022-07-07,80631746,"IDEALPRO","USD.CNH",0,6.71551,6.71613,0
2022-07-07,80632282,"IDEALPRO","USD.CNH",0,6.7156,6.71613,0
2022-07-07,80635537,"IDEALPRO","USD.CNH",0,6.71559,6.71609,0
2022-07-07,80637413,"IDEALPRO","USD.CNH",0,6.7157,6.71662,0
2022-07-07,80638485,"IDEALPRO","USD.CNH",0,6.71578,6.71637,0
2022-07-07,80639019,"IDEALPRO","USD.CNH",0,6.71566,6.71628,0
2022-07-07,80641973,"IDEALPRO","USD.CNH",0,6.7157,6.71628,0
2022-07-07,80644920,"IDEALPRO","USD.CNH",0,6.7156,6.71616,0
2022-07-07,80651390,"IDEALPRO","USD.CNH",0,6.71548,6.71603,0
2022-07-07,80655716,"IDEALPRO","USD.CNH",0,6.71547,6.71603,0
2022-07-07,80658664,"IDEALPRO","USD.CNH",0,6.7155,6.716,0
2022-07-07,80659736,"IDEALPRO","USD.CNH",0,6.71553,6.71604,0
2022-07-07,80700003,"IDEALPRO","USD.CNH",0,6.71556,6.71604,0
2022-07-07,80701610,"IDEALPRO","USD.CNH",0,6.71563,6.71604,0
2022-07-07,80702950,"IDEALPRO","USD.CNH",0,6.71552,6.71599,0
2022-07-07,80703486,"IDEALPRO","USD.CNH",0,6.71548,6.71595,0
2022-07-07,80706757,"IDEALPRO","USD.CNH",0,6.71544,6.71595,0
2022-07-07,80707025,"IDEALPRO","USD.CNH",0,6.71557,6.71605,0
2022-07-07,80713737,"IDEALPRO","USD.CNH",0,6.71553,6.71638,0
2022-07-07,80714809,"IDEALPRO","USD.CNH",0,6.71569,6.71634,0
2022-07-07,80719134,"IDEALPRO","USD.CNH",0,6.71572,6.71639,0
2022-07-07,80720742,"IDEALPRO","USD.CNH",0,6.71584,6.71672,0
2022-07-07,80721276,"IDEALPRO","USD.CNH",0,6.71586,6.71674,0
2022-07-07,80723836,"IDEALPRO","USD.CNH",0,6.71605,6.7166,0
2022-07-07,80726554,"IDEALPRO","USD.CNH",0,6.7161,6.7166,0
2022-07-07,80727894,"IDEALPRO","USD.CNH",0,6.71604,6.7166,0
2022-07-07,80728696,"IDEALPRO","USD.CNH",0,6.7161,6.7166,0
2022-07-07,80730839,"IDEALPRO","USD.CNH",0,6.71604,6.71654,0
2022-07-07,80735968,"IDEALPRO","USD.CNH",0,6.71605,6.71653,0
2022-07-07,80738914,"IDEALPRO","USD.CNH",0,6.716,6.71653,0
2022-07-07,80742665,"IDEALPRO","USD.CNH",0,6.71605,6.71653,0
2022-07-07,80748084,"IDEALPRO","USD.CNH",0,6.71603,6.71653,0
2022-07-07,80749691,"IDEALPRO","USD.CNH",0,6.71606,6.71654,0
2022-07-07,80753977,"IDEALPRO","USD.CNH",0,6.71621,6.71665,0
2022-07-07,80754780,"IDEALPRO","USD.CNH",0,6.71616,6.71664,0
2022-07-07,80755624,"IDEALPRO","USD.CNH",0,6.71621,6.71665,0
2022-07-07,80756427,"IDEALPRO","USD.CNH",0,6.71621,6.7167,0
2022-07-07,80803663,"IDEALPRO","USD.CNH",0,6.71628,6.71671,0
2022-07-07,80804735,"IDEALPRO","USD.CNH",0,6.71637,6.71676,0
2022-07-07,80805408,"IDEALPRO","USD.CNH",0,6.71643,6.71685,0
2022-07-07,80810499,"IDEALPRO","USD.CNH",0,6.71632,6.71684,0
2022-07-07,80812643,"IDEALPRO","USD.CNH",0,6.71628,6.71684,0
2022-07-07,80813179,"IDEALPRO","USD.CNH",0,6.71635,6.71684,0
2022-07-07,80816970,"IDEALPRO","USD.CNH",0,6.71635,6.71683,0
2022-07-07,80817238,"IDEALPRO","USD.CNH",0,6.71628,6.71683,0
2022-07-07,80818845,"IDEALPRO","USD.CNH",0,6.71636,6.71682,0
2022-07-07,80820989,"IDEALPRO","USD.CNH",0,6.71679,6.7173,0
2022-07-07,80821793,"IDEALPRO","USD.CNH",0,6.71681,6.71733,0
2022-07-07,80822864,"IDEALPRO","USD.CNH",0,6.71683,6.71733,0
2022-07-07,80828801,"IDEALPRO","USD.CNH",0,6.71678,6.71729,0
2022-07-07,80835653,"IDEALPRO","USD.CNH",0,6.71663,6.71711,0
2022-07-07,80836724,"IDEALPRO","USD.CNH",0,6.71657,6.71697,0
2022-07-07,80846414,"IDEALPRO","USD.CNH",0,6.71657,6.71698,0
2022-07-07,80854985,"IDEALPRO","USD.CNH",0,6.71646,6.71693,0
2022-07-07,80856900,"IDEALPRO","USD.CNH",0,6.71646,6.71689,0
2022-07-07,80903062,"IDEALPRO","USD.CNH",0,6.71654,6.71689,0
2022-07-07,80913282,"IDEALPRO","USD.CNH",0,6.71648,6.7168,0
2022-07-07,80914889,"IDEALPRO","USD.CNH",0,6.71648,6.71679,0
2022-07-07,80916805,"IDEALPRO","USD.CNH",0,6.71648,6.71682,0
2022-07-07,80917876,"IDEALPRO","USD.CNH",0,6.71649,6.71684,0
2022-07-07,80918681,"IDEALPRO","USD.CNH",0,6.71648,6.71689,0
2022-07-07,80919485,"IDEALPRO","USD.CNH",0,6.7165,6.71697,0
2022-07-07,80922968,"IDEALPRO","USD.CNH",0,6.71654,6.71701,0
2022-07-07,80923772,"IDEALPRO","USD.CNH",0,6.71659,6.717,0
2022-07-07,80924309,"IDEALPRO","USD.CNH",0,6.71654,6.71701,0
2022-07-07,80925419,"IDEALPRO","USD.CNH",0,6.71659,6.717,0
2022-07-07,80936197,"IDEALPRO","USD.CNH",0,6.71654,6.71695,0
2022-07-07,80943450,"IDEALPRO","USD.CNH",0,6.71655,6.71699,0
2022-07-07,80958903,"IDEALPRO","USD.CNH",0,6.71664,6.71709,0
2022-07-07,81003459,"IDEALPRO","USD.CNH",0,6.71664,6.71711,0
2022-07-07,81028889,"IDEALPRO","USD.CNH",0,6.71661,6.71705,0
2022-07-07,81040644,"IDEALPRO","USD.CNH",0,6.71662,6.71709,0
2022-07-07,81042516,"IDEALPRO","USD.CNH",0,6.71648,6.71689,0
2022-07-07,81045084,"IDEALPRO","USD.CNH",0,6.71661,6.71708,0
2022-07-07,81050749,"IDEALPRO","USD.CNH",0,6.716,6.7165,0
2022-07-07,81051821,"IDEALPRO","USD.CNH",0,6.71606,6.71662,0
2022-07-07,81053697,"IDEALPRO","USD.CNH",0,6.71606,6.71658,0
2022-07-07,81055881,"IDEALPRO","USD.CNH",0,6.71585,6.71624,0
2022-07-07,81056953,"IDEALPRO","USD.CNH",0,6.71573,6.71624,0
2022-07-07,81057755,"IDEALPRO","USD.CNH",0,6.71573,6.71624,0
2022-07-07,81058292,"IDEALPRO","USD.CNH",0,6.71573,6.71628,0
2022-07-07,81059364,"IDEALPRO","USD.CNH",0,6.71574,6.71619,0
2022-07-07,81100167,"IDEALPRO","USD.CNH",0,6.71574,6.71628,0
2022-07-07,81106750,"IDEALPRO","USD.CNH",0,6.71552,6.71609,0
2022-07-07,81107822,"IDEALPRO","USD.CNH",0,6.71551,6.71597,0
2022-07-07,81108894,"IDEALPRO","USD.CNH",0,6.71551,6.71594,0
2022-07-07,81110502,"IDEALPRO","USD.CNH",0,6.71551,6.71591,0
2022-07-07,81111307,"IDEALPRO","USD.CNH",0,6.71543,6.71588,0
2022-07-07,81112645,"IDEALPRO","USD.CNH",0,6.71543,6.71591,0
2022-07-07,81113717,"IDEALPRO","USD.CNH",0,6.71535,6.71603,0
2022-07-07,81114789,"IDEALPRO","USD.CNH",0,6.71539,6.71608,0
2022-07-07,81119918,"IDEALPRO","USD.CNH",0,6.71541,6.71609,0
2022-07-07,81120454,"IDEALPRO","USD.CNH",0,6.71539,6.71603,0
2022-07-07,81121793,"IDEALPRO","USD.CNH",0,6.71668,6.71674,0
2022-07-07,81122864,"IDEALPRO","USD.CNH",0,6.71685,6.71742,0
2022-07-07,81123935,"IDEALPRO","USD.CNH",0,6.71687,6.71728,0
2022-07-07,81125275,"IDEALPRO","USD.CNH",0,6.71687,6.71725,0
2022-07-07,81126654,"IDEALPRO","USD.CNH",0,6.71687,6.71732,0
2022-07-07,81127725,"IDEALPRO","USD.CNH",0,6.71691,6.71735,0
2022-07-07,81128798,"IDEALPRO","USD.CNH",0,6.71697,6.71734,0
2022-07-07,81129869,"IDEALPRO","USD.CNH",0,6.71656,6.71714,0
2022-07-07,81130137,"IDEALPRO","USD.CNH",0,6.71637,6.71694,0
2022-07-07,81134446,"IDEALPRO","USD.CNH",0,6.71632,6.7169,0
2022-07-07,81135557,"IDEALPRO","USD.CNH",0,6.71641,6.717,0
2022-07-07,81137164,"IDEALPRO","USD.CNH",0,6.71646,6.71707,0
2022-07-07,81139585,"IDEALPRO","USD.CNH",0,6.71646,6.71708,0
2022-07-07,81144944,"IDEALPRO","USD.CNH",0,6.71658,6.71721,0
2022-07-07,81147128,"IDEALPRO","USD.CNH",0,6.71661,6.71726,0
2022-07-07,81148199,"IDEALPRO","USD.CNH",0,6.71652,6.7172,0
2022-07-07,81149807,"IDEALPRO","USD.CNH",0,6.71651,6.71708,0
2022-07-07,81150343,"IDEALPRO","USD.CNH",0,6.71642,6.71711,0
2022-07-07,81151682,"IDEALPRO","USD.CNH",0,6.71645,6.71712,0
2022-07-07,81153580,"IDEALPRO","USD.CNH",0,6.71645,6.71714,0
2022-07-07,81157906,"IDEALPRO","USD.CNH",0,6.71642,6.71712,0
2022-07-07,81158978,"IDEALPRO","USD.CNH",0,6.71646,6.71712,0
2022-07-07,81201930,"IDEALPRO","USD.CNH",0,6.71656,6.71722,0
2022-07-07,81202198,"IDEALPRO","USD.CNH",0,6.71659,6.71728,0
2022-07-07,81203806,"IDEALPRO","USD.CNH",0,6.71659,6.71723,0
2022-07-07,81204834,"IDEALPRO","USD.CNH",0,6.71716,6.71788,0
2022-07-07,81205943,"IDEALPRO","USD.CNH",0,6.71721,6.71791,0
2022-07-07,81206480,"IDEALPRO","USD.CNH",0,6.71721,6.71794,0
2022-07-07,81212641,"IDEALPRO","USD.CNH",0,6.71718,6.7179,0
2022-07-07,81213713,"IDEALPRO","USD.CNH",0,6.71723,6.71792,0
2022-07-07,81214785,"IDEALPRO","USD.CNH",0,6.71734,6.71794,0
2022-07-07,81215896,"IDEALPRO","USD.CNH",0,6.7174,6.71802,0
2022-07-07,81216968,"IDEALPRO","USD.CNH",0,6.71734,6.71798,0
2022-07-07,81217504,"IDEALPRO","USD.CNH",0,6.71742,6.71802,0
2022-07-07,81218039,"IDEALPRO","USD.CNH",0,6.71742,6.71798,0
2022-07-07,81223664,"IDEALPRO","USD.CNH",0,6.71732,6.71798,0
2022-07-07,81225846,"IDEALPRO","USD.CNH",0,6.71731,6.718,0
2022-07-07,81226942,"IDEALPRO","USD.CNH",0,6.71731,6.71795,0
2022-07-07,81227479,"IDEALPRO","USD.CNH",0,6.71732,6.71797,0
2022-07-07,81229889,"IDEALPRO","USD.CNH",0,6.71735,6.71797,0
2022-07-07,81230961,"IDEALPRO","USD.CNH",0,6.71744,6.71792,0
2022-07-07,81231765,"IDEALPRO","USD.CNH",0,6.71744,6.71797,0
2022-07-07,81232836,"IDEALPRO","USD.CNH",0,6.71748,6.71797,0
2022-07-07,81233908,"IDEALPRO","USD.CNH",0,6.71746,6.71802,0
2022-07-07,81234980,"IDEALPRO","USD.CNH",0,6.71806,6.7184,0
2022-07-07,81239037,"IDEALPRO","USD.CNH",0,6.71806,6.71841,0
2022-07-07,81240645,"IDEALPRO","USD.CNH",0,6.71806,6.7185,0
2022-07-07,81241180,"IDEALPRO","USD.CNH",0,6.71807,6.71851,0
2022-07-07,81243860,"IDEALPRO","USD.CNH",0,6.7181,6.71863,0
2022-07-07,81245508,"IDEALPRO","USD.CNH",0,6.71812,6.71862,0
2022-07-07,81246581,"IDEALPRO","USD.CNH",0,6.71812,6.71864,0
2022-07-07,81249795,"IDEALPRO","USD.CNH",0,6.71812,6.7186,0
2022-07-07,81250598,"IDEALPRO","USD.CNH",0,6.71812,6.71865,0
2022-07-07,81252206,"IDEALPRO","USD.CNH",0,6.71817,6.71865,0
2022-07-07,81257608,"IDEALPRO","USD.CNH",0,6.71817,6.71865,0
2022-07-07,81258412,"IDEALPRO","USD.CNH",0,6.71817,6.71864,0
2022-07-07,81300019,"IDEALPRO","USD.CNH",0,6.71817,6.71864,0
2022-07-07,81301896,"IDEALPRO","USD.CNH",0,6.71817,6.71863,0
2022-07-07,81302968,"IDEALPRO","USD.CNH",0,6.71819,6.71856,0
2022-07-07,81303236,"IDEALPRO","USD.CNH",0,6.71815,6.71855,0
2022-07-07,81304834,"IDEALPRO","USD.CNH",0,6.71811,6.71854,0
2022-07-07,81305678,"IDEALPRO","USD.CNH",0,6.71811,6.71853,0
2022-07-07,81306481,"IDEALPRO","USD.CNH",0,6.71811,6.71849,0
2022-07-07,81311842,"IDEALPRO","USD.CNH",0,6.7181,6.71837,0
2022-07-07,81312915,"IDEALPRO","USD.CNH",0,6.71806,6.71827,0
2022-07-07,81315339,"IDEALPRO","USD.CNH",0,6.71806,6.7183,0
2022-07-07,81317240,"IDEALPRO","USD.CNH",0,6.71806,6.71827,0
2022-07-07,81320991,"IDEALPRO","USD.CNH",0,6.71806,6.71837,0
2022-07-07,81321259,"IDEALPRO","USD.CNH",0,6.7181,6.71845,0
2022-07-07,81324471,"IDEALPRO","USD.CNH",0,6.7181,6.71848,0
2022-07-07,81325849,"IDEALPRO","USD.CNH",0,6.7181,6.71851,0
2022-07-07,81329093,"IDEALPRO","USD.CNH",0,6.71805,6.71843,0
2022-07-07,81330433,"IDEALPRO","USD.CNH",0,6.71815,6.71857,0
2022-07-07,81333934,"IDEALPRO","USD.CNH",0,6.71809,6.71845,0
2022-07-07,81334469,"IDEALPRO","USD.CNH",0,6.71809,6.71845,0
2022-07-07,81335581,"IDEALPRO","USD.CNH",0,6.71805,6.71839,0
2022-07-07,81336671,"IDEALPRO","USD.CNH",0,6.71805,6.7184,0
2022-07-07,81338607,"IDEALPRO","USD.CNH",0,6.71805,6.71837,0
2022-07-07,81346735,"IDEALPRO","USD.CNH",0,6.71805,6.71836,0
2022-07-07,81347807,"IDEALPRO","USD.CNH",0,6.71805,6.71835,0
2022-07-07,81348879,"IDEALPRO","USD.CNH",0,6.71825,6.71867,0
2022-07-07,81349684,"IDEALPRO","USD.CNH",0,6.71825,6.71867,0
2022-07-07,81350488,"IDEALPRO","USD.CNH",0,6.71825,6.71864,0
2022-07-07,81351292,"IDEALPRO","USD.CNH",0,6.71825,6.71858,0
2022-07-07,81353703,"IDEALPRO","USD.CNH",0,6.71825,6.71866,0
2022-07-07,81355617,"IDEALPRO","USD.CNH",0,6.71825,6.71862,0
2022-07-07,81356689,"IDEALPRO","USD.CNH",0,6.71819,6.71855,0
2022-07-07,81357761,"IDEALPRO","USD.CNH",0,6.71817,6.71849,0
2022-07-07,81358297,"IDEALPRO","USD.CNH",0,6.71822,6.71851,0
2022-07-07,81401512,"IDEALPRO","USD.CNH",0,6.71809,6.7184,0
2022-07-07,81402315,"IDEALPRO","USD.CNH",0,6.71809,6.71841,0
2022-07-07,81407819,"IDEALPRO","USD.CNH",0,6.71825,6.71855,0
2022-07-07,81408623,"IDEALPRO","USD.CNH",0,6.71822,6.71855,0
2022-07-07,81409426,"IDEALPRO","USD.CNH",0,6.71822,6.71853,0
2022-07-07,81411871,"IDEALPRO","USD.CNH",0,6.71822,6.71857,0
2022-07-07,81412407,"IDEALPRO","USD.CNH",0,6.71822,6.7186,0
2022-07-07,81416733,"IDEALPRO","USD.CNH",0,6.71822,6.71858,0
2022-07-07,81418614,"IDEALPRO","USD.CNH",0,6.71819,6.71858,0
2022-07-07,81422634,"IDEALPRO","USD.CNH",0,6.7182,6.7186,0
2022-07-07,81423170,"IDEALPRO","USD.CNH",0,6.7182,6.71861,0
2022-07-07,81433418,"IDEALPRO","USD.CNH",0,6.7182,6.71859,0
2022-07-07,81434490,"IDEALPRO","USD.CNH",0,6.71822,6.71858,0
2022-07-07,81437477,"IDEALPRO","USD.CNH",0,6.71819,6.71859,0
2022-07-07,81440960,"IDEALPRO","USD.CNH",0,6.71833,6.71859,0
2022-07-07,81441228,"IDEALPRO","USD.CNH",0,6.71842,6.71865,0
2022-07-07,81442032,"IDEALPRO","USD.CNH",0,6.71838,6.71871,0
2022-07-07,81446894,"IDEALPRO","USD.CNH",0,6.71872,6.71904,0
2022-07-07,81447698,"IDEALPRO","USD.CNH",0,6.71852,6.71892,0
2022-07-07,81448502,"IDEALPRO","USD.CNH",0,6.71858,6.71885,0
2022-07-07,81449305,"IDEALPRO","USD.CNH",0,6.71862,6.71895,0
2022-07-07,81452787,"IDEALPRO","USD.CNH",0,6.71865,6.71895,0
2022-07-07,81453055,"IDEALPRO","USD.CNH",0,6.71865,6.71893,0
2022-07-07,81458723,"IDEALPRO","USD.CNH",0,6.71865,6.71896,0
2022-07-07,81500331,"IDEALPRO","USD.CNH",0,6.71865,6.71893,0
2022-07-07,81507836,"IDEALPRO","USD.CNH",0,6.71845,6.71883,0
2022-07-07,81508906,"IDEALPRO","USD.CNH",0,6.71851,6.71878,0
2022-07-07,81509711,"IDEALPRO","USD.CNH",0,6.71856,6.71878,0
2022-07-07,81510246,"IDEALPRO","USD.CNH",0,6.71856,6.71888,0
2022-07-07,81511587,"IDEALPRO","USD.CNH",0,6.7185,6.71883,0
2022-07-07,81512927,"IDEALPRO","USD.CNH",0,6.71857,6.7189,0
2022-07-07,81519396,"IDEALPRO","USD.CNH",0,6.71859,6.71892,0
2022-07-07,81522343,"IDEALPRO","USD.CNH",0,6.71862,6.71895,0
2022-07-07,81524487,"IDEALPRO","USD.CNH",0,6.71859,6.71887,0
2022-07-07,81525291,"IDEALPRO","USD.CNH",0,6.71862,6.71887,0
2022-07-07,81528814,"IDEALPRO","USD.CNH",0,6.71862,6.7189,0
2022-07-07,81529886,"IDEALPRO","USD.CNH",0,6.71862,6.71893,0
2022-07-07,81531494,"IDEALPRO","USD.CNH",0,6.71862,6.71887,0
2022-07-07,81532834,"IDEALPRO","USD.CNH",0,6.71862,6.71889,0
2022-07-07,81533101,"IDEALPRO","USD.CNH",0,6.71858,6.71889,0
2022-07-07,81543322,"IDEALPRO","USD.CNH",0,6.71858,6.71886,0
2022-07-07,81546843,"IDEALPRO","USD.CNH",0,6.71858,6.71891,0
2022-07-07,81602694,"IDEALPRO","USD.CNH",0,6.71856,6.71891,0
2022-07-07,81613186,"IDEALPRO","USD.CNH",0,6.71857,6.71894,0
2022-07-07,81615345,"IDEALPRO","USD.CNH",0,6.71865,6.71903,0
2022-07-07,81618868,"IDEALPRO","USD.CNH",0,6.71865,6.71902,0
2022-07-07,81619671,"IDEALPRO","USD.CNH",0,6.71865,6.71899,0
2022-07-07,81624761,"IDEALPRO","USD.CNH",0,6.71865,6.71898,0
2022-07-07,81626676,"IDEALPRO","USD.CNH",0,6.7186,6.71894,0
2022-07-07,81627479,"IDEALPRO","USD.CNH",0,6.71861,6.71894,0
2022-07-07,81628820,"IDEALPRO","USD.CNH",0,6.71861,6.71895,0
2022-07-07,81629895,"IDEALPRO","USD.CNH",0,6.71861,6.71896,0
2022-07-07,81631771,"IDEALPRO","USD.CNH",0,6.71864,6.71895,0
2022-07-07,81633914,"IDEALPRO","USD.CNH",0,6.71864,6.71897,0
2022-07-07,81634986,"IDEALPRO","USD.CNH",0,6.71864,6.71893,0
2022-07-07,81637167,"IDEALPRO","USD.CNH",0,6.71864,6.71892,0
2022-07-07,81640115,"IDEALPRO","USD.CNH",0,6.71864,6.71891,0
2022-07-07,81646101,"IDEALPRO","USD.CNH",0,6.71864,6.71889,0
2022-07-07,81647172,"IDEALPRO","USD.CNH",0,6.71864,6.7189,0
2022-07-07,81650923,"IDEALPRO","USD.CNH",0,6.71861,6.71889,0
2022-07-07,81651190,"IDEALPRO","USD.CNH",0,6.71861,6.71891,0
2022-07-07,81652262,"IDEALPRO","USD.CNH",0,6.71861,6.7189,0
2022-07-07,81653066,"IDEALPRO","USD.CNH",0,6.71861,6.71891,0
2022-07-07,81655783,"IDEALPRO","USD.CNH",0,6.71861,6.71897,0
2022-07-07,81656317,"IDEALPRO","USD.CNH",0,6.71853,6.71887,0
2022-07-07,81657925,"IDEALPRO","USD.CNH",0,6.71856,6.71892,0
2022-07-07,81658460,"IDEALPRO","USD.CNH",0,6.71861,6.71893,0
2022-07-07,81700068,"IDEALPRO","USD.CNH",0,6.71861,6.71892,0
2022-07-07,81701942,"IDEALPRO","USD.CNH",0,6.71861,6.71886,0
2022-07-07,81702747,"IDEALPRO","USD.CNH",0,6.71838,6.71861,0
2022-07-07,81703818,"IDEALPRO","USD.CNH",0,6.71838,6.71862,0
2022-07-07,81704654,"IDEALPRO","USD.CNH",0,6.71838,6.71863,0
2022-07-07,81707552,"IDEALPRO","USD.CNH",0,6.7182,6.71854,0
2022-07-07,81708357,"IDEALPRO","USD.CNH",0,6.7182,6.71855,0
2022-07-07,81710503,"IDEALPRO","USD.CNH",0,6.71823,6.71855,0
2022-07-07,81711579,"IDEALPRO","USD.CNH",0,6.71823,6.71852,0
2022-07-07,81712918,"IDEALPRO","USD.CNH",0,6.71823,6.71852,0
2022-07-07,81713453,"IDEALPRO","USD.CNH",0,6.71823,6.71851,0
2022-07-07,81715329,"IDEALPRO","USD.CNH",0,6.71823,6.71849,0
2022-07-07,81719405,"IDEALPRO","USD.CNH",0,6.71823,6.71852,0
2022-07-07,81720477,"IDEALPRO","USD.CNH",0,6.71826,6.71853,0
2022-07-07,81721917,"IDEALPRO","USD.CNH",0,6.71826,6.71852,0
2022-07-07,81724553,"IDEALPRO","USD.CNH",0,6.71826,6.71855,0
2022-07-07,81726732,"IDEALPRO","USD.CNH",0,6.71826,6.71853,0
2022-07-07,81730752,"IDEALPRO","USD.CNH",0,6.71823,6.7185,0
2022-07-07,81733698,"IDEALPRO","USD.CNH",0,6.71823,6.71851,0
2022-07-07,81734769,"IDEALPRO","USD.CNH",0,6.71827,6.71851,0
2022-07-07,81736685,"IDEALPRO","USD.CNH",0,6.71827,6.71847,0
2022-07-07,81740020,"IDEALPRO","USD.CNH",0,6.71827,6.7185,0
2022-07-07,81742430,"IDEALPRO","USD.CNH",0,6.71827,6.71846,0
2022-07-07,81744037,"IDEALPRO","USD.CNH",0,6.71829,6.71846,0
2022-07-07,81746488,"IDEALPRO","USD.CNH",0,6.71829,6.7185,0
2022-07-07,81747828,"IDEALPRO","USD.CNH",0,6.71828,6.7185,0
2022-07-07,81748363,"IDEALPRO","USD.CNH",0,6.71828,6.71845,0
2022-07-07,81754803,"IDEALPRO","USD.CNH",0,6.71821,6.71826,0
2022-07-07,81755378,"IDEALPRO","USD.CNH",0,6.71821,6.71839,0
2022-07-07,81756003,"IDEALPRO","USD.CNH",0,6.71821,6.71836,0
2022-07-07,81805963,"IDEALPRO","USD.CNH",0,6.71821,6.71833,0
2022-07-07,81810833,"IDEALPRO","USD.CNH",0,6.71821,6.71839,0
2022-07-07,81811905,"IDEALPRO","USD.CNH",0,6.71821,6.71833,0
2022-07-07,81815736,"IDEALPRO","USD.CNH",0,6.71821,6.71836,0
2022-07-07,81817879,"IDEALPRO","USD.CNH",0,6.71769,6.71801,0
2022-07-07,81818684,"IDEALPRO","USD.CNH",0,6.71752,6.71764,0
2022-07-07,81821898,"IDEALPRO","USD.CNH",0,6.71752,6.71766,0
2022-07-07,81822969,"IDEALPRO","USD.CNH",0,6.71744,6.71766,0
2022-07-07,81823774,"IDEALPRO","USD.CNH",0,6.71774,6.71798,0
2022-07-07,81824844,"IDEALPRO","USD.CNH",0,6.71784,6.71811,0
2022-07-07,81825955,"IDEALPRO","USD.CNH",0,6.718,6.71823,0
2022-07-07,81827296,"IDEALPRO","USD.CNH",0,6.71802,6.71821,0
2022-07-07,81828367,"IDEALPRO","USD.CNH",0,6.71802,6.71829,0
2022-07-07,81829171,"IDEALPRO","USD.CNH",0,6.71803,6.71828,0
2022-07-07,81830242,"IDEALPRO","USD.CNH",0,6.71803,6.71833,0
2022-07-07,81831582,"IDEALPRO","USD.CNH",0,6.71803,6.71838,0
2022-07-07,81832655,"IDEALPRO","USD.CNH",0,6.71808,6.71847,0
2022-07-07,81833726,"IDEALPRO","USD.CNH",0,6.71808,6.71851,0
2022-07-07,81835335,"IDEALPRO","USD.CNH",0,6.71823,6.71858,0
2022-07-07,81836713,"IDEALPRO","USD.CNH",0,6.71816,6.71849,0
2022-07-07,81840197,"IDEALPRO","USD.CNH",0,6.71806,6.71839,0
2022-07-07,81841269,"IDEALPRO","USD.CNH",0,6.71809,6.71839,0
2022-07-07,81844484,"IDEALPRO","USD.CNH",0,6.71805,6.71839,0
2022-07-07,81845880,"IDEALPRO","USD.CNH",0,6.71817,6.71851,0
2022-07-07,81851339,"IDEALPRO","USD.CNH",0,6.71819,6.71851,0
2022-07-07,81852944,"IDEALPRO","USD.CNH",0,6.71817,6.71841,0
2022-07-07,81853479,"IDEALPRO","USD.CNH",0,6.71817,6.71836,0
2022-07-07,81856732,"IDEALPRO","USD.CNH",0,6.71789,6.7182,0
2022-07-07,81857550,"IDEALPRO","USD.CNH",0,6.71772,6.71805,0
2022-07-07,81858891,"IDEALPRO","USD.CNH",0,6.71776,6.71806,0
2022-07-07,81859158,"IDEALPRO","USD.CNH",0,6.71785,6.71822,0
2022-07-07,81903980,"IDEALPRO","USD.CNH",0,6.71782,6.71811,0
2022-07-07,81904247,"IDEALPRO","USD.CNH",0,6.71776,6.71811,0
2022-07-07,81906481,"IDEALPRO","USD.CNH",0,6.71776,6.71806,0
2022-07-07,81907017,"IDEALPRO","USD.CNH",0,6.7177,6.71798,0
2022-07-07,81910770,"IDEALPRO","USD.CNH",0,6.7177,6.71797,0
2022-07-07,81914788,"IDEALPRO","USD.CNH",0,6.7177,6.71803,0
2022-07-07,81916702,"IDEALPRO","USD.CNH",0,6.71769,6.71802,0
2022-07-07,81917775,"IDEALPRO","USD.CNH",0,6.71769,6.71813,0
2022-07-07,81918846,"IDEALPRO","USD.CNH",0,6.71783,6.7183,0
2022-07-07,81919920,"IDEALPRO","USD.CNH",0,6.71787,6.71833,0
2022-07-07,81920991,"IDEALPRO","USD.CNH",0,6.71787,6.71822,0
2022-07-07,81923939,"IDEALPRO","USD.CNH",0,6.71787,6.71818,0
2022-07-07,81924208,"IDEALPRO","USD.CNH",0,6.71787,6.7182,0
2022-07-07,81925279,"IDEALPRO","USD.CNH",0,6.71787,6.71818,0
2022-07-07,81926121,"IDEALPRO","USD.CNH",0,6.71787,6.7182,0
2022-07-07,81930514,"IDEALPRO","USD.CNH",0,6.71793,6.71812,0
2022-07-07,81932120,"IDEALPRO","USD.CNH",0,6.71789,6.71812,0
2022-07-07,81933996,"IDEALPRO","USD.CNH",0,6.71764,6.71793,0
2022-07-07,81934799,"IDEALPRO","USD.CNH",0,6.7175,6.71779,0
2022-07-07,81935336,"IDEALPRO","USD.CNH",0,6.71767,6.71792,0
2022-07-07,81936716,"IDEALPRO","USD.CNH",0,6.71756,6.71794,0
2022-07-07,81937788,"IDEALPRO","USD.CNH",0,6.71756,6.71792,0
2022-07-07,81938324,"IDEALPRO","USD.CNH",0,6.71756,6.71799,0
2022-07-07,81940735,"IDEALPRO","USD.CNH",0,6.7176,6.71799,0
2022-07-07,81943949,"IDEALPRO","USD.CNH",0,6.7176,6.71798,0
2022-07-07,81944752,"IDEALPRO","USD.CNH",0,6.7176,6.71792,0
2022-07-07,81949745,"IDEALPRO","USD.CNH",0,6.71766,6.71792,0
2022-07-07,81951620,"IDEALPRO","USD.CNH",0,6.71764,6.71792,0
2022-07-07,82019124,"IDEALPRO","USD.CNH",0,6.71764,6.71797,0
2022-07-07,82021801,"IDEALPRO","USD.CNH",0,6.71763,6.71791,0
2022-07-07,82025590,"IDEALPRO","USD.CNH",0,6.71762,6.71787,0
2022-07-07,82034554,"IDEALPRO","USD.CNH",0,6.71756,6.71787,0
2022-07-07,82035359,"IDEALPRO","USD.CNH",0,6.71753,6.71782,0
2022-07-07,82038898,"IDEALPRO","USD.CNH",0,6.71754,6.71782,0
2022-07-07,82048919,"IDEALPRO","USD.CNH",0,6.71757,6.71782,0
2022-07-07,82049724,"IDEALPRO","USD.CNH",0,6.71758,6.71777,0
2022-07-07,82051868,"IDEALPRO","USD.CNH",0,6.71757,6.7178,0
2022-07-07,82054550,"IDEALPRO","USD.CNH",0,6.71754,6.7178,0
2022-07-07,82059947,"IDEALPRO","USD.CNH",0,6.71758,6.7178,0
2022-07-07,82106953,"IDEALPRO","USD.CNH",0,6.71755,6.7178,0
2022-07-07,82112043,"IDEALPRO","USD.CNH",0,6.71753,6.7178,0
2022-07-07,82114722,"IDEALPRO","USD.CNH",0,6.71762,6.7178,0
2022-07-07,82115258,"IDEALPRO","USD.CNH",0,6.71762,6.71777,0
2022-07-07,82118244,"IDEALPRO","USD.CNH",0,6.7176,6.71777,0
2022-07-07,82120119,"IDEALPRO","USD.CNH",0,6.71761,6.71777,0
2022-07-07,82125208,"IDEALPRO","USD.CNH",0,6.71757,6.71777,0
2022-07-07,82128729,"IDEALPRO","USD.CNH",0,6.71756,6.71777,0
2022-07-07,82135733,"IDEALPRO","USD.CNH",0,6.71752,6.71773,0
2022-07-07,82151972,"IDEALPRO","USD.CNH",0,6.71758,6.71773,0
2022-07-07,82152777,"IDEALPRO","USD.CNH",0,6.71699,6.71733,0
2022-07-07,82153580,"IDEALPRO","USD.CNH",0,6.71646,6.71677,0
2022-07-07,82155763,"IDEALPRO","USD.CNH",0,6.7165,6.71684,0
2022-07-07,82156834,"IDEALPRO","USD.CNH",0,6.7165,6.71692,0
2022-07-07,82157906,"IDEALPRO","USD.CNH",0,6.71652,6.71692,0
2022-07-07,82201044,"IDEALPRO","USD.CNH",0,6.71649,6.7169,0
2022-07-07,82207799,"IDEALPRO","USD.CNH",0,6.71616,6.71657,0
2022-07-07,82208870,"IDEALPRO","USD.CNH",0,6.7167,6.71711,0
2022-07-07,82209137,"IDEALPRO","USD.CNH",0,6.7167,6.71711,0
2022-07-07,82210210,"IDEALPRO","USD.CNH",0,6.71671,6.71712,0
2022-07-07,82211818,"IDEALPRO","USD.CNH",0,6.71678,6.71718,0
2022-07-07,82212622,"IDEALPRO","USD.CNH",0,6.71678,6.71718,0
2022-07-07,82214765,"IDEALPRO","USD.CNH",0,6.71671,6.71713,0
2022-07-07,82219749,"IDEALPRO","USD.CNH",0,6.71669,6.71711,0
2022-07-07,82227839,"IDEALPRO","USD.CNH",0,6.71657,6.71702,0
2022-07-07,82231857,"IDEALPRO","USD.CNH",0,6.71662,6.71708,0
2022-07-07,82233465,"IDEALPRO","USD.CNH",0,6.71638,6.71684,0
2022-07-07,82237813,"IDEALPRO","USD.CNH",0,6.71641,6.71688,0
2022-07-07,82240493,"IDEALPRO","USD.CNH",0,6.71636,6.71685,0
2022-07-07,82241833,"IDEALPRO","USD.CNH",0,6.7164,6.71686,0
2022-07-07,82242905,"IDEALPRO","USD.CNH",0,6.71637,6.71687,0
2022-07-07,82244244,"IDEALPRO","USD.CNH",0,6.71642,6.71689,0
2022-07-07,82254852,"IDEALPRO","USD.CNH",0,6.71642,6.71682,0
2022-07-07,82255963,"IDEALPRO","USD.CNH",0,6.71642,6.71678,0
2022-07-07,82256766,"IDEALPRO","USD.CNH",0,6.71637,6.71675,0
2022-07-07,82257569,"IDEALPRO","USD.CNH",0,6.71637,6.71678,0
2022-07-07,82258104,"IDEALPRO","USD.CNH",0,6.71637,6.71671,0
2022-07-07,82304800,"IDEALPRO","USD.CNH",0,6.71636,6.71671,0
2022-07-07,82306487,"IDEALPRO","USD.CNH",0,6.71638,6.71671,0
2022-07-07,82308362,"IDEALPRO","USD.CNH",0,6.71634,6.71671,0
2022-07-07,82309167,"IDEALPRO","USD.CNH",0,6.71634,6.71687,0
2022-07-07,82310773,"IDEALPRO","USD.CNH",0,6.71638,6.71689,0
2022-07-07,82311309,"IDEALPRO","USD.CNH",0,6.71638,6.71687,0
2022-07-07,82313721,"IDEALPRO","USD.CNH",0,6.71638,6.71681,0
2022-07-07,82318591,"IDEALPRO","USD.CNH",0,6.71638,6.71687,0
2022-07-07,82320465,"IDEALPRO","USD.CNH",0,6.71638,6.7168,0
2022-07-07,82321897,"IDEALPRO","USD.CNH",0,6.71624,6.71675,0
2022-07-07,82322432,"IDEALPRO","USD.CNH",0,6.71631,6.71675,0
2022-07-07,82325069,"IDEALPRO","USD.CNH",0,6.71631,6.71668,0
2022-07-07,82329663,"IDEALPRO","USD.CNH",0,6.71631,6.7167,0
2022-07-07,82330467,"IDEALPRO","USD.CNH",0,6.71631,6.7166,0
2022-07-07,82335723,"IDEALPRO","USD.CNH",0,6.71619,6.7166,0
2022-07-07,82340546,"IDEALPRO","USD.CNH",0,6.71624,6.71659,0
2022-07-07,82344647,"IDEALPRO","USD.CNH",0,6.71628,6.71678,0
2022-07-07,82346293,"IDEALPRO","USD.CNH",0,6.71631,6.71681,0
2022-07-07,82349853,"IDEALPRO","USD.CNH",0,6.7163,6.71681,0
2022-07-07,82353603,"IDEALPRO","USD.CNH",0,6.71635,6.71685,0
2022-07-07,82355805,"IDEALPRO","USD.CNH",0,6.71622,6.71665,0
2022-07-07,82356877,"IDEALPRO","USD.CNH",0,6.7162,6.71659,0
2022-07-07,82357413,"IDEALPRO","USD.CNH",0,6.71594,6.71644,0
2022-07-07,82358753,"IDEALPRO","USD.CNH",0,6.71593,6.71644,0
2022-07-07,82359824,"IDEALPRO","USD.CNH",0,6.71595,6.71647,0
2022-07-07,82400896,"IDEALPRO","USD.CNH",0,6.7158,6.71622,0
2022-07-07,82401431,"IDEALPRO","USD.CNH",0,6.71549,6.71601,0
2022-07-07,82402503,"IDEALPRO","USD.CNH",0,6.71544,6.71596,0
2022-07-07,82403843,"IDEALPRO","USD.CNH",0,6.71539,6.71578,0
2022-07-07,82404835,"IDEALPRO","USD.CNH",0,6.71524,6.71555,0
2022-07-07,82405103,"IDEALPRO","USD.CNH",0,6.71538,6.71577,0
2022-07-07,82406213,"IDEALPRO","USD.CNH",0,6.71538,6.71576,0
2022-07-07,82409966,"IDEALPRO","USD.CNH",0,6.71524,6.71556,0
2022-07-07,82410501,"IDEALPRO","USD.CNH",0,6.71531,6.71556,0
2022-07-07,82411037,"IDEALPRO","USD.CNH",0,6.71541,6.71577,0
2022-07-07,82414252,"IDEALPRO","USD.CNH",0,6.71545,6.71579,0
2022-07-07,82416436,"IDEALPRO","USD.CNH",0,6.71547,6.71581,0
2022-07-07,82418310,"IDEALPRO","USD.CNH",0,6.71548,6.71581,0
2022-07-07,82422862,"IDEALPRO","USD.CNH",0,6.71549,6.71582,0
2022-07-07,82423399,"IDEALPRO","USD.CNH",0,6.71549,6.71581,0
2022-07-07,82425849,"IDEALPRO","USD.CNH",0,6.71547,6.71579,0
2022-07-07,82430221,"IDEALPRO","USD.CNH",0,6.7155,6.71581,0
2022-07-07,82434506,"IDEALPRO","USD.CNH",0,6.71549,6.71579,0
2022-07-07,82437762,"IDEALPRO","USD.CNH",0,6.71548,6.71575,0
2022-07-07,82438565,"IDEALPRO","USD.CNH",0,6.71548,6.71577,0
2022-07-07,82439904,"IDEALPRO","USD.CNH",0,6.715,6.71529,0
2022-07-07,82440975,"IDEALPRO","USD.CNH",0,6.71544,6.71573,0
2022-07-07,82441512,"IDEALPRO","USD.CNH",0,6.71541,6.71569,0
2022-07-07,82442583,"IDEALPRO","USD.CNH",0,6.71546,6.71575,0
2022-07-07,82445569,"IDEALPRO","USD.CNH",0,6.7155,6.71577,0
2022-07-07,82446909,"IDEALPRO","USD.CNH",0,6.71551,6.71577,0
2022-07-07,82449626,"IDEALPRO","USD.CNH",0,6.71557,6.71582,0
2022-07-07,82453912,"IDEALPRO","USD.CNH",0,6.71557,6.71582,0
2022-07-07,82454448,"IDEALPRO","USD.CNH",0,6.71569,6.71594,0
2022-07-07,82455561,"IDEALPRO","USD.CNH",0,6.71573,6.71599,0
2022-07-07,82457703,"IDEALPRO","USD.CNH",0,6.71568,6.71594,0
2022-07-07,82503663,"IDEALPRO","USD.CNH",0,6.71571,6.71599,0
2022-07-07,82505678,"IDEALPRO","USD.CNH",0,6.71568,6.71595,0
2022-07-07,82507553,"IDEALPRO","USD.CNH",0,6.71574,6.71604,0
2022-07-07,82510597,"IDEALPRO","USD.CNH",0,6.71573,6.71603,0
2022-07-07,82513007,"IDEALPRO","USD.CNH",0,6.71566,6.71595,0
2022-07-07,82515340,"IDEALPRO","USD.CNH",0,6.71566,6.71584,0
2022-07-07,82516719,"IDEALPRO","USD.CNH",0,6.71565,6.71584,0
2022-07-07,82518327,"IDEALPRO","USD.CNH",0,6.71562,6.71586,0
2022-07-07,82520471,"IDEALPRO","USD.CNH",0,6.71556,6.71574,0
2022-07-07,82521274,"IDEALPRO","USD.CNH",0,6.71547,6.71556,0
2022-07-07,82522881,"IDEALPRO","USD.CNH",0,6.71553,6.71564,0
2022-07-07,82533898,"IDEALPRO","USD.CNH",0,6.71541,6.71572,0
2022-07-07,82534969,"IDEALPRO","USD.CNH",0,6.71545,6.71558,0
2022-07-07,82536368,"IDEALPRO","USD.CNH",0,6.71547,6.71559,0
2022-07-07,82539054,"IDEALPRO","USD.CNH",0,6.71547,6.71561,0
2022-07-07,82540929,"IDEALPRO","USD.CNH",0,6.71554,6.71568,0
2022-07-07,82542001,"IDEALPRO","USD.CNH",0,6.71549,6.71571,0
2022-07-07,82545071,"IDEALPRO","USD.CNH",0,6.7155,6.71571,0
2022-07-07,82546988,"IDEALPRO","USD.CNH",0,6.71551,6.71571,0
2022-07-07,82552088,"IDEALPRO","USD.CNH",0,6.71551,6.71574,0
2022-07-07,82556956,"IDEALPRO","USD.CNH",0,6.71551,6.71577,0
2022-07-07,82600564,"IDEALPRO","USD.CNH",0,6.71551,6.71575,0
2022-07-07,82601636,"IDEALPRO","USD.CNH",0,6.71553,6.71575,0
2022-07-07,82605945,"IDEALPRO","USD.CNH",0,6.71553,6.71574,0
2022-07-07,82613988,"IDEALPRO","USD.CNH",0,6.71523,6.71547,0
2022-07-07,82615902,"IDEALPRO","USD.CNH",0,6.71523,6.71549,0
2022-07-07,82618848,"IDEALPRO","USD.CNH",0,6.71523,6.71549,0
2022-07-07,82619652,"IDEALPRO","USD.CNH",0,6.71516,6.71543,0
2022-07-07,82626932,"IDEALPRO","USD.CNH",0,6.71537,6.71565,0
2022-07-07,82631557,"IDEALPRO","USD.CNH",0,6.71535,6.71564,0
2022-07-07,82633700,"IDEALPRO","USD.CNH",0,6.71536,6.71564,0
2022-07-07,82637492,"IDEALPRO","USD.CNH",0,6.71536,6.7156,0
2022-07-07,82640972,"IDEALPRO","USD.CNH",0,6.71535,6.71565,0
2022-07-07,82642044,"IDEALPRO","USD.CNH",0,6.71535,6.71565,0
2022-07-07,82643652,"IDEALPRO","USD.CNH",0,6.7153,6.7156,0
2022-07-07,82644455,"IDEALPRO","USD.CNH",0,6.71523,6.71553,0
2022-07-07,82646906,"IDEALPRO","USD.CNH",0,6.71521,6.71551,0
2022-07-07,82654169,"IDEALPRO","USD.CNH",0,6.71541,6.71568,0
2022-07-07,82655547,"IDEALPRO","USD.CNH",0,6.7154,6.71568,0
2022-07-07,82657421,"IDEALPRO","USD.CNH",0,6.71541,6.71568,0
2022-07-07,82710717,"IDEALPRO","USD.CNH",0,6.71538,6.71568,0
2022-07-07,82720637,"IDEALPRO","USD.CNH",0,6.71525,6.71554,0
2022-07-07,82724118,"IDEALPRO","USD.CNH",0,6.71525,6.71558,0
2022-07-07,82726240,"IDEALPRO","USD.CNH",0,6.71525,6.71554,0
2022-07-07,82739769,"IDEALPRO","USD.CNH",0,6.71516,6.71549,0
2022-07-07,82740573,"IDEALPRO","USD.CNH",0,6.71516,6.71553,0
2022-07-07,82749785,"IDEALPRO","USD.CNH",0,6.71511,6.71548,0
2022-07-07,82804982,"IDEALPRO","USD.CNH",0,6.71515,6.71548,0
2022-07-07,82806628,"IDEALPRO","USD.CNH",0,6.71516,6.7155,0
2022-07-07,82810651,"IDEALPRO","USD.CNH",0,6.71512,6.71546,0
2022-07-07,82816747,"IDEALPRO","USD.CNH",0,6.7153,6.71564,0
2022-07-07,82826130,"IDEALPRO","USD.CNH",0,6.71511,6.71546,0
2022-07-07,82829530,"IDEALPRO","USD.CNH",0,6.71513,6.71548,0
2022-07-07,82842322,"IDEALPRO","USD.CNH",0,6.71513,6.71547,0
2022-07-07,82845268,"IDEALPRO","USD.CNH",0,6.71506,6.71534,0
2022-07-07,82848830,"IDEALPRO","USD.CNH",0,6.71507,6.71534,0
2022-07-07,82852973,"IDEALPRO","USD.CNH",0,6.71504,6.71534,0
2022-07-07,82853777,"IDEALPRO","USD.CNH",0,6.71516,6.71553,0
2022-07-07,82855690,"IDEALPRO","USD.CNH",0,6.71516,6.71549,0
2022-07-07,82858144,"IDEALPRO","USD.CNH",0,6.71513,6.7155,0
2022-07-07,82900853,"IDEALPRO","USD.CNH",0,6.71517,6.71547,0
2022-07-07,82901925,"IDEALPRO","USD.CNH",0,6.71517,6.71546,0
2022-07-07,82902729,"IDEALPRO","USD.CNH",0,6.71513,6.71546,0
2022-07-07,82907819,"IDEALPRO","USD.CNH",0,6.71517,6.71542,0
2022-07-07,82909766,"IDEALPRO","USD.CNH",0,6.71517,6.71549,0
2022-07-07,82911641,"IDEALPRO","USD.CNH",0,6.71517,6.71546,0
2022-07-07,82912572,"IDEALPRO","USD.CNH",0,6.71518,6.71546,0
2022-07-07,82918414,"IDEALPRO","USD.CNH",0,6.71518,6.71552,0
2022-07-07,82921820,"IDEALPRO","USD.CNH",0,6.71518,6.71556,0
2022-07-07,82922889,"IDEALPRO","USD.CNH",0,6.71524,6.71556,0
2022-07-07,82929337,"IDEALPRO","USD.CNH",0,6.71524,6.71548,0
2022-07-07,82931747,"IDEALPRO","USD.CNH",0,6.71518,6.71548,0
2022-07-07,82932818,"IDEALPRO","USD.CNH",0,6.71535,6.71565,0
2022-07-07,82937965,"IDEALPRO","USD.CNH",0,6.71573,6.71612,0
2022-07-07,82940377,"IDEALPRO","USD.CNH",0,6.71571,6.71612,0
2022-07-07,82943060,"IDEALPRO","USD.CNH",0,6.71571,6.7161,0
2022-07-07,82949738,"IDEALPRO","USD.CNH",0,6.71567,6.7161,0
2022-07-07,82954887,"IDEALPRO","USD.CNH",0,6.71566,6.7161,0
2022-07-07,82956534,"IDEALPRO","USD.CNH",0,6.71569,6.7161,0
2022-07-07,82958947,"IDEALPRO","USD.CNH",0,6.71575,6.7161,0
2022-07-07,83000287,"IDEALPRO","USD.CNH",0,6.71578,6.71613,0
2022-07-07,83001893,"IDEALPRO","USD.CNH",0,6.71597,6.71644,0
2022-07-07,83002697,"IDEALPRO","USD.CNH",0,6.71605,6.7164,0
2022-07-07,83003233,"IDEALPRO","USD.CNH",0,6.71601,6.7164,0
2022-07-07,83005104,"IDEALPRO","USD.CNH",0,6.71596,6.7164,0
2022-07-07,83011305,"IDEALPRO","USD.CNH",0,6.71602,6.71645,0
2022-07-07,83012914,"IDEALPRO","USD.CNH",0,6.71594,6.71622,0
2022-07-07,83013182,"IDEALPRO","USD.CNH",0,6.71581,6.71612,0
2022-07-07,83014789,"IDEALPRO","USD.CNH",0,6.71576,6.71612,0
2022-07-07,83017777,"IDEALPRO","USD.CNH",0,6.71568,6.71599,0
2022-07-07,83018045,"IDEALPRO","USD.CNH",0,6.71568,6.71603,0
2022-07-07,83019116,"IDEALPRO","USD.CNH",0,6.71564,6.71603,0
2022-07-07,83022692,"IDEALPRO","USD.CNH",0,6.71565,6.71603,0
2022-07-07,83024031,"IDEALPRO","USD.CNH",0,6.71564,6.71603,0
2022-07-07,83027301,"IDEALPRO","USD.CNH",0,6.71564,6.71601,0
2022-07-07,83028104,"IDEALPRO","USD.CNH",0,6.71564,6.71599,0
2022-07-07,83047381,"IDEALPRO","USD.CNH",0,6.71577,6.71607,0
2022-07-07,83051774,"IDEALPRO","USD.CNH",0,6.71577,6.71603,0
2022-07-07,83052845,"IDEALPRO","USD.CNH",0,6.71576,6.71603,0
2022-07-07,83102400,"IDEALPRO","USD.CNH",0,6.7158,6.71603,0
2022-07-07,83107838,"IDEALPRO","USD.CNH",0,6.71573,6.71603,0
2022-07-07,83113757,"IDEALPRO","USD.CNH",0,6.71576,6.71603,0
2022-07-07,83117297,"IDEALPRO","USD.CNH",0,6.71582,6.71603,0
2022-07-07,83119976,"IDEALPRO","USD.CNH",0,6.71577,6.71599,0
2022-07-07,83123800,"IDEALPRO","USD.CNH",0,6.71593,6.71616,0
2022-07-07,83124870,"IDEALPRO","USD.CNH",0,6.71592,6.71617,0
2022-07-07,83125712,"IDEALPRO","USD.CNH",0,6.71592,6.71621,0
2022-07-07,83129999,"IDEALPRO","USD.CNH",0,6.71713,6.71758,0
2022-07-07,83132142,"IDEALPRO","USD.CNH",0,6.7171,6.71756,0
2022-07-07,83133215,"IDEALPRO","USD.CNH",0,6.7171,6.71755,0
2022-07-07,83134823,"IDEALPRO","USD.CNH",0,6.7171,6.71754,0
2022-07-07,83137859,"IDEALPRO","USD.CNH",0,6.71714,6.71759,0
2022-07-07,83139735,"IDEALPRO","USD.CNH",0,6.71719,6.71764,0
2022-07-07,83143538,"IDEALPRO","USD.CNH",0,6.71717,6.71762,0
2022-07-07,83150837,"IDEALPRO","USD.CNH",0,6.71716,6.7176,0
2022-07-07,83203770,"IDEALPRO","USD.CNH",0,6.71716,6.7176,0
2022-07-07,83204304,"IDEALPRO","USD.CNH",0,6.71716,6.7176,0
2022-07-07,83223844,"IDEALPRO","USD.CNH",0,6.71713,6.71755,0
2022-07-07,83237703,"IDEALPRO","USD.CNH",0,6.71713,6.71755,0
2022-07-07,83238774,"IDEALPRO","USD.CNH",0,6.71708,6.7175,0
2022-07-07,83240649,"IDEALPRO","USD.CNH",0,6.71708,6.71747,0
2022-07-07,83244691,"IDEALPRO","USD.CNH",0,6.71708,6.7175,0
2022-07-07,83247677,"IDEALPRO","USD.CNH",0,6.71707,6.71748,0
2022-07-07,83251832,"IDEALPRO","USD.CNH",0,6.71708,6.71748,0
2022-07-07,83252637,"IDEALPRO","USD.CNH",0,6.71684,6.71719,0
2022-07-07,83253199,"IDEALPRO","USD.CNH",0,6.71684,6.71721,0
2022-07-07,83254270,"IDEALPRO","USD.CNH",0,6.71686,6.71721,0
2022-07-07,83300448,"IDEALPRO","USD.CNH",0,6.71688,6.71721,0
2022-07-07,83301786,"IDEALPRO","USD.CNH",0,6.71688,6.7172,0
2022-07-07,83302883,"IDEALPRO","USD.CNH",0,6.71688,6.71721,0
2022-07-07,83304490,"IDEALPRO","USD.CNH",0,6.71688,6.7172,0
2022-07-07,83307744,"IDEALPRO","USD.CNH",0,6.71689,6.71719,0
2022-07-07,83308816,"IDEALPRO","USD.CNH",0,6.71689,6.71719,0
2022-07-07,83309084,"IDEALPRO","USD.CNH",0,6.7169,6.7172,0
2022-07-07,83313471,"IDEALPRO","USD.CNH",0,6.71691,6.71705,0
2022-07-07,83314542,"IDEALPRO","USD.CNH",0,6.7169,6.71705,0
2022-07-07,83318985,"IDEALPRO","USD.CNH",0,6.7169,6.71708,0
2022-07-07,83319519,"IDEALPRO","USD.CNH",0,6.71691,6.71708,0
2022-07-07,83320591,"IDEALPRO","USD.CNH",0,6.71698,6.71703,0
2022-07-07,83327326,"IDEALPRO","USD.CNH",0,6.71699,6.71716,0
2022-07-07,83328432,"IDEALPRO","USD.CNH",0,6.71699,6.71705,0
2022-07-07,83330040,"IDEALPRO","USD.CNH",0,6.71699,6.71703,0
2022-07-07,83331647,"IDEALPRO","USD.CNH",0,6.71699,6.71705,0
2022-07-07,83336529,"IDEALPRO","USD.CNH",0,6.71703,6.71714,0
2022-07-07,83337869,"IDEALPRO","USD.CNH",0,6.71703,6.71714,0
2022-07-07,83340818,"IDEALPRO","USD.CNH",0,6.71705,6.71714,0
2022-07-07,83341923,"IDEALPRO","USD.CNH",0,6.71702,6.71707,0
2022-07-07,83342995,"IDEALPRO","USD.CNH",0,6.71702,6.71705,0
2022-07-07,83343799,"IDEALPRO","USD.CNH",0,6.71702,6.71703,0
2022-07-07,83344871,"IDEALPRO","USD.CNH",0,6.71702,6.71705,0
2022-07-07,83345715,"IDEALPRO","USD.CNH",0,6.71702,6.71706,0
2022-07-07,83347327,"IDEALPRO","USD.CNH",0,6.71702,6.71707,0
2022-07-07,83348935,"IDEALPRO","USD.CNH",0,6.71697,6.71716,0
2022-07-07,83349740,"IDEALPRO","USD.CNH",0,6.71698,6.71706,0
2022-07-07,83350811,"IDEALPRO","USD.CNH",0,6.71698,6.71713,0
2022-07-07,83351882,"IDEALPRO","USD.CNH",0,6.71702,6.71716,0
2022-07-07,83352150,"IDEALPRO","USD.CNH",0,6.71702,6.71708,0
2022-07-07,83354294,"IDEALPRO","USD.CNH",0,6.717,6.71708,0
2022-07-07,83355673,"IDEALPRO","USD.CNH",0,6.71702,6.71716,0
2022-07-07,83356477,"IDEALPRO","USD.CNH",0,6.71705,6.71717,0
2022-07-07,83358704,"IDEALPRO","USD.CNH",0,6.71706,6.71717,0
2022-07-07,83359774,"IDEALPRO","USD.CNH",0,6.71708,6.71717,0
2022-07-07,83400846,"IDEALPRO","USD.CNH",0,6.71712,6.71725,0
2022-07-07,83401918,"IDEALPRO","USD.CNH",0,6.71711,6.71725,0
2022-07-07,83409696,"IDEALPRO","USD.CNH",0,6.71713,6.71727,0
2022-07-07,83410232,"IDEALPRO","USD.CNH",0,6.71717,6.71727,0
2022-07-07,83413531,"IDEALPRO","USD.CNH",0,6.71716,6.71727,0
2022-07-07,83414067,"IDEALPRO","USD.CNH",0,6.71705,6.71716,0
2022-07-07,83417539,"IDEALPRO","USD.CNH",0,6.71716,6.71719,0
2022-07-07,83418610,"IDEALPRO","USD.CNH",0,6.71714,6.71723,0
2022-07-07,83424717,"IDEALPRO","USD.CNH",0,6.71694,6.71713,0
2022-07-07,83428557,"IDEALPRO","USD.CNH",0,6.71696,6.71713,0
2022-07-07,83438257,"IDEALPRO","USD.CNH",0,6.71704,6.71713,0
2022-07-07,83440942,"IDEALPRO","USD.CNH",0,6.717,6.71716,0
2022-07-07,83442549,"IDEALPRO","USD.CNH",0,6.71701,6.71716,0
2022-07-07,83443620,"IDEALPRO","USD.CNH",0,6.71706,6.71719,0
2022-07-07,83444423,"IDEALPRO","USD.CNH",0,6.71702,6.71719,0
2022-07-07,83445534,"IDEALPRO","USD.CNH",0,6.71704,6.71724,0
2022-07-07,83446337,"IDEALPRO","USD.CNH",0,6.71708,6.71724,0
2022-07-07,83448480,"IDEALPRO","USD.CNH",0,6.71704,6.71724,0
2022-07-07,83449820,"IDEALPRO","USD.CNH",0,6.71702,6.71722,0
2022-07-07,83451963,"IDEALPRO","USD.CNH",0,6.71706,6.71722,0
2022-07-07,83459236,"IDEALPRO","USD.CNH",0,6.71702,6.71723,0
2022-07-07,83500586,"IDEALPRO","USD.CNH",0,6.71716,6.71738,0
2022-07-07,83501390,"IDEALPRO","USD.CNH",0,6.71715,6.71738,0
2022-07-07,83502461,"IDEALPRO","USD.CNH",0,6.71717,6.71738,0
2022-07-07,83504605,"IDEALPRO","USD.CNH",0,6.71723,6.71744,0
2022-07-07,83505680,"IDEALPRO","USD.CNH",0,6.71706,6.7173,0
2022-07-07,83510769,"IDEALPRO","USD.CNH",0,6.71703,6.71727,0
2022-07-07,83512109,"IDEALPRO","USD.CNH",0,6.71699,6.71724,0
2022-07-07,83516703,"IDEALPRO","USD.CNH",0,6.71697,6.71723,0
2022-07-07,83517238,"IDEALPRO","USD.CNH",0,6.71691,6.71717,0
2022-07-07,83522631,"IDEALPRO","USD.CNH",0,6.71689,6.71716,0
2022-07-07,83533923,"IDEALPRO","USD.CNH",0,6.71696,6.71717,0
2022-07-07,83534191,"IDEALPRO","USD.CNH",0,6.717,6.71717,0
2022-07-07,83535263,"IDEALPRO","USD.CNH",0,6.71699,6.71717,0
2022-07-07,83537721,"IDEALPRO","USD.CNH",0,6.71699,6.71723,0
2022-07-07,83540258,"IDEALPRO","USD.CNH",0,6.71698,6.71723,0
2022-07-07,83627984,"IDEALPRO","USD.CNH",0,6.71693,6.71723,0
2022-07-07,83645930,"IDEALPRO","USD.CNH",0,6.71697,6.71727,0
2022-07-07,83646733,"IDEALPRO","USD.CNH",0,6.71704,6.71733,0
2022-07-07,83647805,"IDEALPRO","USD.CNH",0,6.71702,6.71728,0
2022-07-07,83648340,"IDEALPRO","USD.CNH",0,6.71703,6.71728,0
2022-07-07,83649948,"IDEALPRO","USD.CNH",0,6.71701,6.71728,0
2022-07-07,83650215,"IDEALPRO","USD.CNH",0,6.71698,6.71728,0
2022-07-07,83651823,"IDEALPRO","USD.CNH",0,6.71696,6.71727,0
2022-07-07,83654233,"IDEALPRO","USD.CNH",0,6.71696,6.71726,0
2022-07-07,83658742,"IDEALPRO","USD.CNH",0,6.71694,6.71726,0
2022-07-07,83702718,"IDEALPRO","USD.CNH",0,6.71691,6.71722,0
2022-07-07,83705105,"IDEALPRO","USD.CNH",0,6.71696,6.71722,0
2022-07-07,83709495,"IDEALPRO","USD.CNH",0,6.71691,6.71722,0
2022-07-07,83712897,"IDEALPRO","USD.CNH",0,6.71688,6.71718,0
2022-07-07,83713967,"IDEALPRO","USD.CNH",0,6.71687,6.71716,0
2022-07-07,83715612,"IDEALPRO","USD.CNH",0,6.71686,6.71716,0
2022-07-07,83717486,"IDEALPRO","USD.CNH",0,6.7169,6.71717,0
2022-07-07,83720176,"IDEALPRO","USD.CNH",0,6.7169,6.71718,0
2022-07-07,83722144,"IDEALPRO","USD.CNH",0,6.71686,6.71716,0
2022-07-07,83724820,"IDEALPRO","USD.CNH",0,6.71677,6.71708,0
2022-07-07,83725950,"IDEALPRO","USD.CNH",0,6.71682,6.7171,0
2022-07-07,83727452,"IDEALPRO","USD.CNH",0,6.71684,6.7171,0
2022-07-07,83729655,"IDEALPRO","USD.CNH",0,6.71684,6.7171,0
2022-07-07,83730727,"IDEALPRO","USD.CNH",0,6.71686,6.7171,0
2022-07-07,83733671,"IDEALPRO","USD.CNH",0,6.71681,6.7171,0
2022-07-07,83734742,"IDEALPRO","USD.CNH",0,6.71681,6.7171,0
2022-07-07,83735010,"IDEALPRO","USD.CNH",0,6.71681,6.7171,0
2022-07-07,83737469,"IDEALPRO","USD.CNH",0,6.71681,6.7171,0
2022-07-07,83741248,"IDEALPRO","USD.CNH",0,6.7168,6.71707,0
2022-07-07,83742588,"IDEALPRO","USD.CNH",0,6.71681,6.71707,0
2022-07-07,83743928,"IDEALPRO","USD.CNH",0,6.71681,6.71702,0
2022-07-07,83744733,"IDEALPRO","USD.CNH",0,6.71682,6.71705,0
2022-07-07,83745843,"IDEALPRO","USD.CNH",0,6.71681,6.71705,0
2022-07-07,83746916,"IDEALPRO","USD.CNH",0,6.71685,6.71702,0
2022-07-07,83747988,"IDEALPRO","USD.CNH",0,6.71681,6.71705,0
2022-07-07,83748254,"IDEALPRO","USD.CNH",0,6.71682,6.71706,0
2022-07-07,83801576,"IDEALPRO","USD.CNH",0,6.71601,6.71622,0
2022-07-07,83802648,"IDEALPRO","USD.CNH",0,6.71596,6.71619,0
2022-07-07,83803987,"IDEALPRO","USD.CNH",0,6.71598,6.71622,0
2022-07-07,83806974,"IDEALPRO","USD.CNH",0,6.716,6.71625,0
2022-07-07,83810724,"IDEALPRO","USD.CNH",0,6.71604,6.71629,0
2022-07-07,83811796,"IDEALPRO","USD.CNH",0,6.71608,6.71637,0
2022-07-07,83816273,"IDEALPRO","USD.CNH",0,6.71609,6.71637,0
2022-07-07,83818335,"IDEALPRO","USD.CNH",0,6.71608,6.71627,0
2022-07-07,83829292,"IDEALPRO","USD.CNH",0,6.7158,6.71609,0
2022-07-07,83832235,"IDEALPRO","USD.CNH",0,6.7158,6.71609,0
2022-07-07,83834646,"IDEALPRO","USD.CNH",0,6.7158,6.71611,0
2022-07-07,83837507,"IDEALPRO","USD.CNH",0,6.7158,6.71614,0
2022-07-07,83838848,"IDEALPRO","USD.CNH",0,6.71603,6.71626,0
2022-07-07,83839921,"IDEALPRO","USD.CNH",0,6.71583,6.71587,0
2022-07-07,83840724,"IDEALPRO","USD.CNH",0,6.71523,6.71564,0
2022-07-07,83846702,"IDEALPRO","USD.CNH",0,6.71523,6.7156,0
2022-07-07,83848858,"IDEALPRO","USD.CNH",0,6.71521,6.71561,0
2022-07-07,83849126,"IDEALPRO","USD.CNH",0,6.71532,6.71561,0
2022-07-07,83853634,"IDEALPRO","USD.CNH",0,6.71534,6.71547,0
2022-07-07,83905680,"IDEALPRO","USD.CNH",0,6.71522,6.71547,0
2022-07-07,83906483,"IDEALPRO","USD.CNH",0,6.71522,6.71547,0
2022-07-07,83915235,"IDEALPRO","USD.CNH",0,6.71525,6.71547,0
2022-07-07,83916839,"IDEALPRO","USD.CNH",0,6.71525,6.71552,0
2022-07-07,83925396,"IDEALPRO","USD.CNH",0,6.71515,6.7154,0
2022-07-07,83927847,"IDEALPRO","USD.CNH",0,6.71518,6.71559,0
2022-07-07,83928650,"IDEALPRO","USD.CNH",0,6.71518,6.71557,0
2022-07-07,83934242,"IDEALPRO","USD.CNH",0,6.71515,6.71557,0
2022-07-07,83935046,"IDEALPRO","USD.CNH",0,6.71541,6.71582,0
2022-07-07,83939075,"IDEALPRO","USD.CNH",0,6.71541,6.7158,0
2022-07-07,83946969,"IDEALPRO","USD.CNH",0,6.71548,6.7159,0
2022-07-07,83948844,"IDEALPRO","USD.CNH",0,6.71548,6.71591,0
2022-07-07,83949381,"IDEALPRO","USD.CNH",0,6.71547,6.71581,0
2022-07-07,83957742,"IDEALPRO","USD.CNH",0,6.71556,6.71593,0
2022-07-07,83958277,"IDEALPRO","USD.CNH",0,6.71564,6.71601,0
2022-07-07,84000957,"IDEALPRO","USD.CNH",0,6.71561,6.71584,0
2022-07-07,84003100,"IDEALPRO","USD.CNH",0,6.71553,6.71584,0
2022-07-07,84009696,"IDEALPRO","USD.CNH",0,6.71558,6.71584,0
2022-07-07,84017679,"IDEALPRO","USD.CNH",0,6.71571,6.71607,0
2022-07-07,84018482,"IDEALPRO","USD.CNH",0,6.71569,6.716,0
2022-07-07,84021646,"IDEALPRO","USD.CNH",0,6.71566,6.716,0
2022-07-07,84025826,"IDEALPRO","USD.CNH",0,6.71566,6.71604,0
2022-07-07,84026897,"IDEALPRO","USD.CNH",0,6.7157,6.71612,0
2022-07-07,84027164,"IDEALPRO","USD.CNH",0,6.71574,6.71612,0
2022-07-07,84030831,"IDEALPRO","USD.CNH",0,6.71576,6.7162,0
2022-07-07,84031098,"IDEALPRO","USD.CNH",0,6.71586,6.71621,0
2022-07-07,84034846,"IDEALPRO","USD.CNH",0,6.71586,6.7162,0
2022-07-07,84042585,"IDEALPRO","USD.CNH",0,6.7158,6.71614,0
2022-07-07,84044750,"IDEALPRO","USD.CNH",0,6.7158,6.71608,0
2022-07-07,84046663,"IDEALPRO","USD.CNH",0,6.71581,6.71609,0
2022-07-07,84050967,"IDEALPRO","USD.CNH",0,6.71604,6.71609,0
2022-07-07,84051503,"IDEALPRO","USD.CNH",0,6.71604,6.71612,0
2022-07-07,84057874,"IDEALPRO","USD.CNH",0,6.71604,6.71621,0
2022-07-07,84103252,"IDEALPRO","USD.CNH",0,6.71604,6.71613,0
2022-07-07,84120177,"IDEALPRO","USD.CNH",0,6.71599,6.7161,0
2022-07-07,84125841,"IDEALPRO","USD.CNH",0,6.71599,6.71607,0
2022-07-07,84140650,"IDEALPRO","USD.CNH",0,6.71594,6.71607,0
2022-07-07,84149297,"IDEALPRO","USD.CNH",0,6.71599,6.71607,0
2022-07-07,84200852,"IDEALPRO","USD.CNH",0,6.71599,6.71608,0
2022-07-07,84201922,"IDEALPRO","USD.CNH",0,6.71543,6.71555,0
2022-07-07,84202994,"IDEALPRO","USD.CNH",0,6.71541,6.71555,0
2022-07-07,84203798,"IDEALPRO","USD.CNH",0,6.71523,6.71542,0
2022-07-07,84211137,"IDEALPRO","USD.CNH",0,6.71525,6.71548,0
2022-07-07,84212477,"IDEALPRO","USD.CNH",0,6.71518,6.71536,0
2022-07-07,84213816,"IDEALPRO","USD.CNH",0,6.71518,6.71534,0
2022-07-07,84217340,"IDEALPRO","USD.CNH",0,6.71505,6.71522,0
2022-07-07,84219215,"IDEALPRO","USD.CNH",0,6.71508,6.71522,0
2022-07-07,84226767,"IDEALPRO","USD.CNH",0,6.71441,6.71478,0
2022-07-07,84227571,"IDEALPRO","USD.CNH",0,6.7144,6.7147,0
2022-07-07,84228911,"IDEALPRO","USD.CNH",0,6.71447,6.71481,0
2022-07-07,84230785,"IDEALPRO","USD.CNH",0,6.71457,6.71486,0
2022-07-07,84232393,"IDEALPRO","USD.CNH",0,6.71457,6.71494,0
2022-07-07,84233196,"IDEALPRO","USD.CNH",0,6.71465,6.71494,0
2022-07-07,84235923,"IDEALPRO","USD.CNH",0,6.71465,6.71497,0
2022-07-07,84240591,"IDEALPRO","USD.CNH",0,6.71502,6.71525,0
2022-07-07,84243804,"IDEALPRO","USD.CNH",0,6.71502,6.71531,0
2022-07-07,84244609,"IDEALPRO","USD.CNH",0,6.71495,6.71537,0
2022-07-07,84245145,"IDEALPRO","USD.CNH",0,6.71506,6.71531,0
2022-07-07,84249737,"IDEALPRO","USD.CNH",0,6.71506,6.71526,0
2022-07-07,84250808,"IDEALPRO","USD.CNH",0,6.7148,6.71521,0
2022-07-07,84251077,"IDEALPRO","USD.CNH",0,6.71483,6.71521,0
2022-07-07,84252682,"IDEALPRO","USD.CNH",0,6.71481,6.71521,0
2022-07-07,84253754,"IDEALPRO","USD.CNH",0,6.71486,6.71521,0
2022-07-07,84254291,"IDEALPRO","USD.CNH",0,6.71486,6.71516,0
2022-07-07,84255674,"IDEALPRO","USD.CNH",0,6.71486,6.7152,0
2022-07-07,84256210,"IDEALPRO","USD.CNH",0,6.71491,6.7152,0
2022-07-07,84257281,"IDEALPRO","USD.CNH",0,6.7149,6.7152,0
2022-07-07,84259691,"IDEALPRO","USD.CNH",0,6.71492,6.7152,0
2022-07-07,84300764,"IDEALPRO","USD.CNH",0,6.71497,6.71538,0
2022-07-07,84301299,"IDEALPRO","USD.CNH",0,6.71506,6.71544,0
2022-07-07,84302638,"IDEALPRO","USD.CNH",0,6.71523,6.71556,0
2022-07-07,84303708,"IDEALPRO","USD.CNH",0,6.71519,6.71556,0
2022-07-07,84304512,"IDEALPRO","USD.CNH",0,6.71519,6.71557,0
2022-07-07,84305890,"IDEALPRO","USD.CNH",0,6.71519,6.71551,0
2022-07-07,84306692,"IDEALPRO","USD.CNH",0,6.71515,6.71551,0
2022-07-07,84307496,"IDEALPRO","USD.CNH",0,6.71516,6.71551,0
2022-07-07,84310710,"IDEALPRO","USD.CNH",0,6.71522,6.71556,0
2022-07-07,84312318,"IDEALPRO","USD.CNH",0,6.71531,6.7156,0
2022-07-07,84315840,"IDEALPRO","USD.CNH",0,6.71531,6.71559,0
2022-07-07,84316911,"IDEALPRO","USD.CNH",0,6.71519,6.71541,0
2022-07-07,84320659,"IDEALPRO","USD.CNH",0,6.71516,6.71541,0
2022-07-07,84327693,"IDEALPRO","USD.CNH",0,6.71519,6.71541,0
2022-07-07,84329835,"IDEALPRO","USD.CNH",0,6.71465,6.71514,0
2022-07-07,84330371,"IDEALPRO","USD.CNH",0,6.71486,6.71522,0
2022-07-07,84333586,"IDEALPRO","USD.CNH",0,6.7149,6.71516,0
2022-07-07,84336838,"IDEALPRO","USD.CNH",0,6.71481,6.71503,0
2022-07-07,84337642,"IDEALPRO","USD.CNH",0,6.71469,6.71501,0
2022-07-07,84338178,"IDEALPRO","USD.CNH",0,6.71473,6.71515,0
2022-07-07,84340052,"IDEALPRO","USD.CNH",0,6.71473,6.71516,0
2022-07-07,84342194,"IDEALPRO","USD.CNH",0,6.71477,6.71516,0
2022-07-07,84344336,"IDEALPRO","USD.CNH",0,6.71477,6.7151,0
2022-07-07,84347858,"IDEALPRO","USD.CNH",0,6.71478,6.7151,0
2022-07-07,84349731,"IDEALPRO","USD.CNH",0,6.71478,6.71505,0
2022-07-07,84358202,"IDEALPRO","USD.CNH",0,6.71482,6.71505,0
2022-07-07,84359541,"IDEALPRO","USD.CNH",0,6.71482,6.71509,0
2022-07-07,84400612,"IDEALPRO","USD.CNH",0,6.71482,6.71511,0
2022-07-07,84403291,"IDEALPRO","USD.CNH",0,6.71478,6.71498,0
2022-07-07,84405966,"IDEALPRO","USD.CNH",0,6.71413,6.71446,0
2022-07-07,84407379,"IDEALPRO","USD.CNH",0,6.71413,6.71454,0
2022-07-07,84408717,"IDEALPRO","USD.CNH",0,6.71437,6.71478,0
2022-07-07,84409252,"IDEALPRO","USD.CNH",0,6.71447,6.71478,0
2022-07-07,84412196,"IDEALPRO","USD.CNH",0,6.71454,6.71478,0
2022-07-07,84413692,"IDEALPRO","USD.CNH",0,6.71454,6.7148,0
2022-07-07,84414658,"IDEALPRO","USD.CNH",0,6.71454,6.71485,0
2022-07-07,84417374,"IDEALPRO","USD.CNH",0,6.71454,6.71487,0
2022-07-07,84418712,"IDEALPRO","USD.CNH",0,6.71428,6.71481,0
2022-07-07,84420603,"IDEALPRO","USD.CNH",0,6.71426,6.71472,0
2022-07-07,84421942,"IDEALPRO","USD.CNH",0,6.71409,6.71459,0
2022-07-07,84422745,"IDEALPRO","USD.CNH",0,6.71375,6.71436,0
2022-07-07,84424084,"IDEALPRO","USD.CNH",0,6.71374,6.71435,0
2022-07-07,84426546,"IDEALPRO","USD.CNH",0,6.71373,6.71434,0
2022-07-07,84428692,"IDEALPRO","USD.CNH",0,6.71397,6.71457,0
2022-07-07,84432022,"IDEALPRO","USD.CNH",0,6.71396,6.71455,0
2022-07-07,84435974,"IDEALPRO","USD.CNH",0,6.71383,6.71434,0
2022-07-07,84436243,"IDEALPRO","USD.CNH",0,6.71381,6.71434,0
2022-07-07,84439843,"IDEALPRO","USD.CNH",0,6.7133,6.71379,0
2022-07-07,84440647,"IDEALPRO","USD.CNH",0,6.71328,6.71379,0
2022-07-07,84441987,"IDEALPRO","USD.CNH",0,6.71327,6.71379,0
2022-07-07,84442790,"IDEALPRO","USD.CNH",0,6.71327,6.71377,0
2022-07-07,84443861,"IDEALPRO","USD.CNH",0,6.71327,6.71377,0
2022-07-07,84447919,"IDEALPRO","USD.CNH",0,6.7133,6.71377,0
2022-07-07,84450060,"IDEALPRO","USD.CNH",0,6.71327,6.71377,0
2022-07-07,84451668,"IDEALPRO","USD.CNH",0,6.71324,6.71381,0
2022-07-07,84452203,"IDEALPRO","USD.CNH",0,6.71328,6.71381,0
2022-07-07,84453810,"IDEALPRO","USD.CNH",0,6.71326,6.71377,0
2022-07-07,84454614,"IDEALPRO","USD.CNH",0,6.71324,6.71372,0
2022-07-07,84457734,"IDEALPRO","USD.CNH",0,6.71316,6.71373,0
2022-07-07,84458538,"IDEALPRO","USD.CNH",0,6.71281,6.71335,0
2022-07-07,84459609,"IDEALPRO","USD.CNH",0,6.71287,6.71344,0
2022-07-07,84502821,"IDEALPRO","USD.CNH",0,6.71292,6.71344,0
2022-07-07,84503891,"IDEALPRO","USD.CNH",0,6.71293,6.71344,0
2022-07-07,84504837,"IDEALPRO","USD.CNH",0,6.71294,6.71347,0
2022-07-07,84505965,"IDEALPRO","USD.CNH",0,6.71295,6.71344,0
2022-07-07,84506500,"IDEALPRO","USD.CNH",0,6.71293,6.71344,0
2022-07-07,84507572,"IDEALPRO","USD.CNH",0,6.71291,6.71338,0
2022-07-07,84508643,"IDEALPRO","USD.CNH",0,6.71286,6.71341,0
2022-07-07,84509179,"IDEALPRO","USD.CNH",0,6.7129,6.71341,0
2022-07-07,84510251,"IDEALPRO","USD.CNH",0,6.71291,6.71344,0
2022-07-07,84511321,"IDEALPRO","USD.CNH",0,6.71294,6.71344,0
2022-07-07,84512928,"IDEALPRO","USD.CNH",0,6.71287,6.71344,0
2022-07-07,84513999,"IDEALPRO","USD.CNH",0,6.71294,6.71344,0
2022-07-07,84515913,"IDEALPRO","USD.CNH",0,6.71306,6.7136,0
2022-07-07,84516449,"IDEALPRO","USD.CNH",0,6.71324,6.71381,0
2022-07-07,84517786,"IDEALPRO","USD.CNH",0,6.71324,6.71381,0
2022-07-07,84519907,"IDEALPRO","USD.CNH",0,6.71336,6.71395,0
2022-07-07,84520709,"IDEALPRO","USD.CNH",0,6.71338,6.71382,0
2022-07-07,84522851,"IDEALPRO","USD.CNH",0,6.71338,6.71386,0
2022-07-07,84525261,"IDEALPRO","USD.CNH",0,6.71335,6.71386,0
2022-07-07,84526907,"IDEALPRO","USD.CNH",0,6.71348,6.714,0
2022-07-07,84527818,"IDEALPRO","USD.CNH",0,6.71339,6.714,0
2022-07-07,84530762,"IDEALPRO","USD.CNH",0,6.71338,6.71391,0
2022-07-07,84531859,"IDEALPRO","USD.CNH",0,6.71315,6.7136,0
2022-07-07,84532930,"IDEALPRO","USD.CNH",0,6.71319,6.71366,0
2022-07-07,84535921,"IDEALPRO","USD.CNH",0,6.71316,6.71366,0
2022-07-07,84536725,"IDEALPRO","USD.CNH",0,6.71308,6.71362,0
2022-07-07,84538598,"IDEALPRO","USD.CNH",0,6.71297,6.71349,0
2022-07-07,84539670,"IDEALPRO","USD.CNH",0,6.71297,6.71347,0
2022-07-07,84540741,"IDEALPRO","USD.CNH",0,6.71291,6.71344,0
2022-07-07,84541812,"IDEALPRO","USD.CNH",0,6.71288,6.71345,0
2022-07-07,84545628,"IDEALPRO","USD.CNH",0,6.71288,6.71335,0
2022-07-07,84546699,"IDEALPRO","USD.CNH",0,6.71289,6.71343,0
2022-07-07,84547790,"IDEALPRO","USD.CNH",0,6.71291,6.71342,0
2022-07-07,84549129,"IDEALPRO","USD.CNH",0,6.71293,6.71341,0
2022-07-07,84554969,"IDEALPRO","USD.CNH",0,6.71293,6.71341,0
2022-07-07,84558812,"IDEALPRO","USD.CNH",0,6.71294,6.71341,0
2022-07-07,84559348,"IDEALPRO","USD.CNH",0,6.71295,6.7134,0
2022-07-07,84600151,"IDEALPRO","USD.CNH",0,6.71295,6.7134,0
2022-07-07,84603096,"IDEALPRO","USD.CNH",0,6.71296,6.71341,0
2022-07-07,84620330,"IDEALPRO","USD.CNH",0,6.71294,6.71335,0
2022-07-07,84623276,"IDEALPRO","USD.CNH",0,6.71335,6.71378,0
2022-07-07,84624614,"IDEALPRO","USD.CNH",0,6.71337,6.71381,0
2022-07-07,84626009,"IDEALPRO","USD.CNH",0,6.71337,6.7137,0
2022-07-07,84627884,"IDEALPRO","USD.CNH",0,6.71337,6.71376,0
2022-07-07,84628962,"IDEALPRO","USD.CNH",0,6.71341,6.71376,0
2022-07-07,84630333,"IDEALPRO","USD.CNH",0,6.71337,6.71376,0
2022-07-07,84633941,"IDEALPRO","USD.CNH",0,6.71335,6.71371,0
2022-07-07,84635854,"IDEALPRO","USD.CNH",0,6.71336,6.71371,0
2022-07-07,84636390,"IDEALPRO","USD.CNH",0,6.71342,6.71371,0
2022-07-07,84638264,"IDEALPRO","USD.CNH",0,6.71347,6.71371,0
2022-07-07,84640683,"IDEALPRO","USD.CNH",0,6.71352,6.71371,0
2022-07-07,84646872,"IDEALPRO","USD.CNH",0,6.7137,6.7139,0
2022-07-07,84647675,"IDEALPRO","USD.CNH",0,6.71377,6.71411,0
2022-07-07,84648211,"IDEALPRO","USD.CNH",0,6.71378,6.71411,0
2022-07-07,84650970,"IDEALPRO","USD.CNH",0,6.71382,6.71414,0
2022-07-07,84652434,"IDEALPRO","USD.CNH",0,6.71383,6.71414,0
2022-07-07,84653774,"IDEALPRO","USD.CNH",0,6.71383,6.71418,0
2022-07-07,84701319,"IDEALPRO","USD.CNH",0,6.71382,6.71411,0
2022-07-07,84705720,"IDEALPRO","USD.CNH",0,6.71384,6.71411,0
2022-07-07,84707327,"IDEALPRO","USD.CNH",0,6.71388,6.71411,0
2022-07-07,84712416,"IDEALPRO","USD.CNH",0,6.71392,6.71411,0
2022-07-07,84715482,"IDEALPRO","USD.CNH",0,6.71389,6.71411,0
2022-07-07,84719358,"IDEALPRO","USD.CNH",0,6.71396,6.71417,0
2022-07-07,84722630,"IDEALPRO","USD.CNH",0,6.71397,6.71417,0
2022-07-07,84723662,"IDEALPRO","USD.CNH",0,6.71416,6.71448,0
2022-07-07,84726646,"IDEALPRO","USD.CNH",0,6.71416,6.71445,0
2022-07-07,84727717,"IDEALPRO","USD.CNH",0,6.71412,6.71438,0
2022-07-07,84730678,"IDEALPRO","USD.CNH",0,6.71413,6.71437,0
2022-07-07,84733981,"IDEALPRO","USD.CNH",0,6.71439,6.71466,0
2022-07-07,84734249,"IDEALPRO","USD.CNH",0,6.71445,6.71471,0
2022-07-07,84737990,"IDEALPRO","USD.CNH",0,6.71445,6.71473,0
2022-07-07,84742898,"IDEALPRO","USD.CNH",0,6.71448,6.71475,0
2022-07-07,84743166,"IDEALPRO","USD.CNH",0,6.71448,6.71472,0
2022-07-07,84745167,"IDEALPRO","USD.CNH",0,6.71446,6.71472,0
2022-07-07,84746279,"IDEALPRO","USD.CNH",0,6.71446,6.71468,0
2022-07-07,84747082,"IDEALPRO","USD.CNH",0,6.71446,6.71472,0
2022-07-07,84752706,"IDEALPRO","USD.CNH",0,6.71447,6.71472,0
2022-07-07,84755958,"IDEALPRO","USD.CNH",0,6.71489,6.71499,0
2022-07-07,84756762,"IDEALPRO","USD.CNH",0,6.71487,6.71507,0
2022-07-07,84759759,"IDEALPRO","USD.CNH",0,6.71501,6.71526,0
2022-07-07,84800027,"IDEALPRO","USD.CNH",0,6.71501,6.71527,0
2022-07-07,84801902,"IDEALPRO","USD.CNH",0,6.71501,6.71526,0
2022-07-07,84802706,"IDEALPRO","USD.CNH",0,6.71501,6.71527,0
2022-07-07,84803777,"IDEALPRO","USD.CNH",0,6.71505,6.71527,0
2022-07-07,84804312,"IDEALPRO","USD.CNH",0,6.71505,6.7152,0
2022-07-07,84806216,"IDEALPRO","USD.CNH",0,6.71503,6.7152,0
2022-07-07,84807019,"IDEALPRO","USD.CNH",0,6.71499,6.7152,0
2022-07-07,84813114,"IDEALPRO","USD.CNH",0,6.71503,6.7152,0
2022-07-07,84814721,"IDEALPRO","USD.CNH",0,6.71502,6.7152,0
2022-07-07,84817558,"IDEALPRO","USD.CNH",0,6.715,6.7152,0
2022-07-07,84818629,"IDEALPRO","USD.CNH",0,6.71497,6.71507,0
2022-07-07,84819700,"IDEALPRO","USD.CNH",0,6.71492,6.71507,0
2022-07-07,84821294,"IDEALPRO","USD.CNH",0,6.71491,6.71507,0
2022-07-07,84823973,"IDEALPRO","USD.CNH",0,6.71491,6.71511,0
2022-07-07,84824776,"IDEALPRO","USD.CNH",0,6.715,6.71511,0
2022-07-07,84827762,"IDEALPRO","USD.CNH",0,6.71471,6.71486,0
2022-07-07,84828029,"IDEALPRO","USD.CNH",0,6.71465,6.71483,0
2022-07-07,84829636,"IDEALPRO","USD.CNH",0,6.71462,6.71483,0
2022-07-07,84830708,"IDEALPRO","USD.CNH",0,6.71427,6.71437,0
2022-07-07,84831779,"IDEALPRO","USD.CNH",0,6.71417,6.71439,0
2022-07-07,84832583,"IDEALPRO","USD.CNH",0,6.71417,6.71442,0
2022-07-07,84834994,"IDEALPRO","USD.CNH",0,6.71403,6.71431,0
2022-07-07,84837978,"IDEALPRO","USD.CNH",0,6.71407,6.71437,0
2022-07-07,84843602,"IDEALPRO","USD.CNH",0,6.71411,6.7144,0
2022-07-07,84845784,"IDEALPRO","USD.CNH",0,6.71411,6.7144,0
2022-07-07,84852387,"IDEALPRO","USD.CNH",0,6.71411,6.7144,0
2022-07-07,84854529,"IDEALPRO","USD.CNH",0,6.71411,6.71445,0
2022-07-07,84857565,"IDEALPRO","USD.CNH",0,6.71416,6.7145,0
2022-07-07,84859972,"IDEALPRO","USD.CNH",0,6.71427,6.71463,0
2022-07-07,84900239,"IDEALPRO","USD.CNH",0,6.71433,6.71461,0
2022-07-07,84902648,"IDEALPRO","USD.CNH",0,6.71423,6.7146,0
2022-07-07,84906483,"IDEALPRO","USD.CNH",0,6.71421,6.71456,0
2022-07-07,84909428,"IDEALPRO","USD.CNH",0,6.7142,6.71456,0
2022-07-07,84911569,"IDEALPRO","USD.CNH",0,6.7142,6.71459,0
2022-07-07,84912908,"IDEALPRO","USD.CNH",0,6.71423,6.71463,0
2022-07-07,84913176,"IDEALPRO","USD.CNH",0,6.71438,6.71478,0
2022-07-07,84916715,"IDEALPRO","USD.CNH",0,6.71441,6.71481,0
2022-07-07,84922820,"IDEALPRO","USD.CNH",0,6.71444,6.71485,0
2022-07-07,84923357,"IDEALPRO","USD.CNH",0,6.71465,6.71507,0
2022-07-07,84924964,"IDEALPRO","USD.CNH",0,6.71451,6.71494,0
2022-07-07,84925499,"IDEALPRO","USD.CNH",0,6.71441,6.71485,0
2022-07-07,84926611,"IDEALPRO","USD.CNH",0,6.71458,6.71503,0
2022-07-07,84927147,"IDEALPRO","USD.CNH",0,6.71452,6.71497,0
2022-07-07,84928753,"IDEALPRO","USD.CNH",0,6.71432,6.71476,0
2022-07-07,84930628,"IDEALPRO","USD.CNH",0,6.71436,6.71481,0
2022-07-07,84931700,"IDEALPRO","USD.CNH",0,6.71436,6.71478,0
2022-07-07,84934646,"IDEALPRO","USD.CNH",0,6.71435,6.71478,0
2022-07-07,84938182,"IDEALPRO","USD.CNH",0,6.71435,6.71476,0
2022-07-07,84943539,"IDEALPRO","USD.CNH",0,6.71446,6.71481,0
2022-07-07,84945416,"IDEALPRO","USD.CNH",0,6.71441,6.71481,0
2022-07-07,84947062,"IDEALPRO","USD.CNH",0,6.71439,6.71481,0
2022-07-07,84948937,"IDEALPRO","USD.CNH",0,6.71418,6.7145,0
2022-07-07,84949752,"IDEALPRO","USD.CNH",0,6.7142,6.71456,0
2022-07-07,84952705,"IDEALPRO","USD.CNH",0,6.71413,6.71451,0
2022-07-07,84954043,"IDEALPRO","USD.CNH",0,6.71413,6.71451,0
2022-07-07,84955974,"IDEALPRO","USD.CNH",0,6.71413,6.71455,0
2022-07-07,84956777,"IDEALPRO","USD.CNH",0,6.71418,6.71452,0
2022-07-07,84957313,"IDEALPRO","USD.CNH",0,6.71421,6.71452,0
2022-07-07,84959991,"IDEALPRO","USD.CNH",0,6.71423,6.71457,0
2022-07-07,85000259,"IDEALPRO","USD.CNH",0,6.71428,6.71466,0
2022-07-07,85001867,"IDEALPRO","USD.CNH",0,6.71432,6.71466,0
2022-07-07,85002133,"IDEALPRO","USD.CNH",0,6.71435,6.71466,0
2022-07-07,85003741,"IDEALPRO","USD.CNH",0,6.71408,6.71457,0
2022-07-07,85004545,"IDEALPRO","USD.CNH",0,6.71409,6.71449,0
2022-07-07,85005120,"IDEALPRO","USD.CNH",0,6.71416,6.71449,0
2022-07-07,85006766,"IDEALPRO","USD.CNH",0,6.71411,6.71449,0
2022-07-07,85007302,"IDEALPRO","USD.CNH",0,6.71403,6.71449,0
2022-07-07,85008909,"IDEALPRO","USD.CNH",0,6.71419,6.71449,0
2022-07-07,85011854,"IDEALPRO","USD.CNH",0,6.71415,6.71449,0
2022-07-07,85012926,"IDEALPRO","USD.CNH",0,6.71416,6.71452,0
2022-07-07,85015068,"IDEALPRO","USD.CNH",0,6.71413,6.71454,0
2022-07-07,85016446,"IDEALPRO","USD.CNH",0,6.71413,6.71454,0
2022-07-07,85017518,"IDEALPRO","USD.CNH",0,6.71417,6.71455,0
2022-07-07,85018857,"IDEALPRO","USD.CNH",0,6.71419,6.71451,0
2022-07-07,85019661,"IDEALPRO","USD.CNH",0,6.71405,6.71446,0
2022-07-07,85024751,"IDEALPRO","USD.CNH",0,6.71419,6.71457,0
2022-07-07,85025860,"IDEALPRO","USD.CNH",0,6.71427,6.71463,0
2022-07-07,85026128,"IDEALPRO","USD.CNH",0,6.71424,6.71463,0
2022-07-07,85029074,"IDEALPRO","USD.CNH",0,6.71426,6.7146,0
2022-07-07,85031760,"IDEALPRO","USD.CNH",0,6.71426,6.71464,0
2022-07-07,85032564,"IDEALPRO","USD.CNH",0,6.71429,6.71464,0
2022-07-07,85034975,"IDEALPRO","USD.CNH",0,6.71426,6.71464,0
2022-07-07,85035511,"IDEALPRO","USD.CNH",0,6.71427,6.71464,0
2022-07-07,85037692,"IDEALPRO","USD.CNH",0,6.71434,6.71464,0
2022-07-07,85039836,"IDEALPRO","USD.CNH",0,6.71391,6.71441,0
2022-07-07,85040907,"IDEALPRO","USD.CNH",0,6.71386,6.71415,0
2022-07-07,85041712,"IDEALPRO","USD.CNH",0,6.71368,6.71411,0
2022-07-07,85042782,"IDEALPRO","USD.CNH",0,6.71365,6.71411,0
2022-07-07,85043854,"IDEALPRO","USD.CNH",0,6.71371,6.71413,0
2022-07-07,85044924,"IDEALPRO","USD.CNH",0,6.71401,6.71443,0
2022-07-07,85048445,"IDEALPRO","USD.CNH",0,6.71401,6.71443,0
2022-07-07,85050764,"IDEALPRO","USD.CNH",0,6.71406,6.71443,0
2022-07-07,85051835,"IDEALPRO","USD.CNH",0,6.71409,6.7145,0
2022-07-07,85052639,"IDEALPRO","USD.CNH",0,6.71406,6.7145,0
2022-07-07,85053443,"IDEALPRO","USD.CNH",0,6.71406,6.71453,0
2022-07-07,85054783,"IDEALPRO","USD.CNH",0,6.71402,6.7145,0
2022-07-07,85055587,"IDEALPRO","USD.CNH",0,6.71401,6.7145,0
2022-07-07,85056162,"IDEALPRO","USD.CNH",0,6.71401,6.7145,0
2022-07-07,85100449,"IDEALPRO","USD.CNH",0,6.71406,6.71452,0
2022-07-07,85101251,"IDEALPRO","USD.CNH",0,6.71419,6.71456,0
2022-07-07,85102589,"IDEALPRO","USD.CNH",0,6.7143,6.71467,0
2022-07-07,85104465,"IDEALPRO","USD.CNH",0,6.7143,6.71464,0
2022-07-07,85110777,"IDEALPRO","USD.CNH",0,6.71413,6.71456,0
2022-07-07,85111848,"IDEALPRO","USD.CNH",0,6.71415,6.71456,0
2022-07-07,85114526,"IDEALPRO","USD.CNH",0,6.71415,6.71456,0
2022-07-07,85115062,"IDEALPRO","USD.CNH",0,6.71416,6.71456,0
2022-07-07,85121858,"IDEALPRO","USD.CNH",0,6.71415,6.71456,0
2022-07-07,85125298,"IDEALPRO","USD.CNH",0,6.71413,6.71456,0
2022-07-07,85128818,"IDEALPRO","USD.CNH",0,6.71412,6.71456,0
2022-07-07,85129889,"IDEALPRO","USD.CNH",0,6.71411,6.7146,0
2022-07-07,85130694,"IDEALPRO","USD.CNH",0,6.71412,6.7146,0
2022-07-07,85131764,"IDEALPRO","USD.CNH",0,6.71413,6.71455,0
2022-07-07,85132836,"IDEALPRO","USD.CNH",0,6.71411,6.71455,0
2022-07-07,85134709,"IDEALPRO","USD.CNH",0,6.71411,6.71455,0
2022-07-07,85135821,"IDEALPRO","USD.CNH",0,6.71416,6.71455,0
2022-07-07,85136625,"IDEALPRO","USD.CNH",0,6.71416,6.71455,0
2022-07-07,85140643,"IDEALPRO","USD.CNH",0,6.71417,6.71455,0
2022-07-07,85142787,"IDEALPRO","USD.CNH",0,6.71417,6.7146,0
2022-07-07,85143323,"IDEALPRO","USD.CNH",0,6.7142,6.7146,0
2022-07-07,85144929,"IDEALPRO","USD.CNH",0,6.71417,6.71462,0
2022-07-07,85149789,"IDEALPRO","USD.CNH",0,6.71424,6.71462,0
2022-07-07,85151396,"IDEALPRO","USD.CNH",0,6.71428,6.71462,0
2022-07-07,85152467,"IDEALPRO","USD.CNH",0,6.71428,6.71464,0
2022-07-07,85153538,"IDEALPRO","USD.CNH",0,6.71424,6.71464,0
2022-07-07,85154878,"IDEALPRO","USD.CNH",0,6.71417,6.71466,0
2022-07-07,85155146,"IDEALPRO","USD.CNH",0,6.71418,6.71466,0
2022-07-07,85157076,"IDEALPRO","USD.CNH",0,6.71419,6.71466,0
2022-07-07,85159487,"IDEALPRO","USD.CNH",0,6.71416,6.71466,0
2022-07-07,85200559,"IDEALPRO","USD.CNH",0,6.71415,6.71461,0
2022-07-07,85201095,"IDEALPRO","USD.CNH",0,6.71415,6.71461,0
2022-07-07,85202435,"IDEALPRO","USD.CNH",0,6.7142,6.71465,0
2022-07-07,85203774,"IDEALPRO","USD.CNH",0,6.71419,6.71463,0
2022-07-07,85208098,"IDEALPRO","USD.CNH",0,6.71425,6.71463,0
2022-07-07,85209705,"IDEALPRO","USD.CNH",0,6.71421,6.71459,0
2022-07-07,85212383,"IDEALPRO","USD.CNH",0,6.71428,6.71459,0
2022-07-07,85213722,"IDEALPRO","USD.CNH",0,6.71427,6.71459,0
2022-07-07,85216976,"IDEALPRO","USD.CNH",0,6.71428,6.71459,0
2022-07-07,85219922,"IDEALPRO","USD.CNH",0,6.71464,6.71501,0
2022-07-07,85223940,"IDEALPRO","USD.CNH",0,6.71466,6.71514,0
2022-07-07,85224208,"IDEALPRO","USD.CNH",0,6.71471,6.7152,0
2022-07-07,85225854,"IDEALPRO","USD.CNH",0,6.71465,6.71513,0
2022-07-07,85226925,"IDEALPRO","USD.CNH",0,6.71465,6.71511,0
2022-07-07,85227193,"IDEALPRO","USD.CNH",0,6.71465,6.71513,0
2022-07-07,85228265,"IDEALPRO","USD.CNH",0,6.71465,6.71511,0
2022-07-07,85229604,"IDEALPRO","USD.CNH",0,6.71465,6.71509,0
2022-07-07,85231747,"IDEALPRO","USD.CNH",0,6.71463,6.71506,0
2022-07-07,85232282,"IDEALPRO","USD.CNH",0,6.71463,6.71505,0
2022-07-07,85233889,"IDEALPRO","USD.CNH",0,6.71463,6.71507,0
2022-07-07,85234425,"IDEALPRO","USD.CNH",0,6.71463,6.71505,0
2022-07-07,85237646,"IDEALPRO","USD.CNH",0,6.71461,6.71505,0
2022-07-07,85238984,"IDEALPRO","USD.CNH",0,6.7146,6.71505,0
2022-07-07,85239787,"IDEALPRO","USD.CNH",0,6.7146,6.71507,0
2022-07-07,85240857,"IDEALPRO","USD.CNH",0,6.7146,6.71505,0
2022-07-07,85241660,"IDEALPRO","USD.CNH",0,6.7146,6.71507,0
2022-07-07,85244875,"IDEALPRO","USD.CNH",0,6.71465,6.7151,0
2022-07-07,85245718,"IDEALPRO","USD.CNH",0,6.71465,6.71509,0
2022-07-07,85248932,"IDEALPRO","USD.CNH",0,6.71465,6.71509,0
2022-07-07,85256911,"IDEALPRO","USD.CNH",0,6.71465,6.7151,0
